1655 2534
672 75 929 115 *247*

220 167 245 201 O
276 171 377 204 olivae
401 180 526 213 semper
550 174 653 217 vivae,

270 217 465 251 Profluentes
492 221 667 266 clementia,

220 263 333 296 Facite
356 275 412 298 nos
439 276 513 299 vere
537 271 568 299 et
593 270 715 302 sincere

268 311 395 344 Laudes
420 316 542 346 vestras
566 318 725 358 prosequi,

218 358 266 391 Ut
275 361 348 399 post
357 362 490 392 mortem
499 364 642 394 sanctam
652 367 771 396 sortem

267 405 450 438 Mereamur
474 410 608 449 assequi.

150 451 188 485 V.
218 452 328 493 Agite,
354 462 373 484 o
397 453 561 498 benignae,

220 499 310 539 Quod
333 509 512 544 precamur,

218 546 265 579 Ut
290 548 428 587 gaudere
451 558 629 583 mereamur

218 593 257 624 In
283 597 413 626 aeterna
437 595 568 629 laetitia.

338 668 384 695 Ad
403 669 581 706 Magnificat.

148 725 189 758 A.
221 724 246 756 O
272 723 331 756 flos
356 727 460 766 campi

218 771 263 802 Et
284 772 385 803 lilium
410 775 609 814 convallium,

220 818 294 850 Iesu
318 819 455 859 Christe,
482 821 535 860 qui
561 830 594 852 es
619 831 754 864 sponsus

216 864 262 896 Et
286 868 408 897 amator
432 867 599 908 virginum,

217 912 315 952 Quam
340 913 513 946 iucundum
535 915 690 948 interesse

216 959 350 999 Semper
374 960 421 991 tui
447 962 640 1002 conspectui,

218 1005 317 1044 Quem
345 1007 511 1040 laudantes
535 1012 770 1050 prosequuntur

217 1053 399 1094 Virginales
426 1056 526 1098 cunei,

222 1099 289 1132 Ubi
316 1101 417 1133 dulcis
442 1105 571 1134 resonat
593 1104 742 1145 melodia,

219 1146 317 1188 Virgo
342 1147 463 1180 Ursula

268 1195 365 1227 simul
391 1204 461 1227 cum
485 1197 634 1229 Tamaria

220 1240 402 1282 Fequenter
425 1242 637 1284 ingeminant:

220 1287 303 1329 Tibi,
320 1289 456 1329 Christe,
474 1291 598 1322 sitlans
613 1293 645 1323 et
657 1292 768 1332 gloria.

281 1392 312 1424 A
325 1392 346 1424 d
370 1393 637 1427 Matutinum.

350 1467 566 1496 Invitatorium.

216 1525 313 1567 Ecce,
339 1528 433 1558 noete
453 1526 560 1558 media

259 1572 379 1606 Factus
405 1575 454 1604 est
479 1574 615 1607 clamor:

213 1620 309 1653 Venit
338 1620 448 1660 sponsi
470 1622 584 1662 gratia,

262 1668 428 1708 Virginum
451 1677 551 1711 amor,

213 1715 358 1749 Invitans
380 1714 464 1747 filias

215 1762 328 1795 Secum
352 1762 394 1794 ad
418 1763 557 1803 nuptias,

261 1811 360 1844 Exite
384 1809 508 1842 obviam

259 1858 302 1891 Ei
326 1857 369 1890 ad
393 1857 535 1898 gloriam.

269 1963 316 1995 In
342 1963 372 1995 1.
400 1961 634 1996 Nocturno.

351 2036 546 2073 Antiphonae.

151 2097 181 2129 1.
205 2096 284 2136 Tuo,
310 2096 407 2134 Deua
438 2096 574 2138 nomine,

257 2144 348 2184 Quod
374 2146 424 2174 est
448 2143 653 2184 admirabile,

212 2190 331 2225 Sacrae
352 2193 505 2231 promunt
529 2191 670 2231 virgines

256 2237 360 2271 Melos
385 2238 558 2272 ineffabile.

151 2297 184 2328 2.
210 2294 332 2327 Harum
358 2304 451 2328 voces
477 2296 659 2338 audiuntur,

253 2343 386 2384 Quando
411 2342 473 2376 Dei
497 2344 631 2384 gloriam

841 282 873 314 3.

827 851 866 885 V.

840 1003 871 1033 2.

829 1237 865 1268 V.

897 176 1107 209 Admirantur
1131 178 1164 208 et
1185 176 1357 218 loquuntur

945 225 1023 256 Post
1044 223 1122 255 belli
1145 223 1320 257 victoriam.

899 281 988 313 Haec
1013 282 1061 312 est
1091 281 1262 322 generatio,

945 327 1044 366 Quam
1069 327 1221 359 virtutum
1242 328 1396 360 Dominus

899 375 937 407 In
962 373 1040 405 caeli
1065 374 1184 413 palatio

947 420 1082 453 Summis
1105 420 1210 453 iunxit
1233 421 1364 454 civibus,

1034 514 1239 549 Responsoria.

864 596 872 603 .
897 571 1041 603 Deonoto
1065 569 1128 603 fuit
1150 572 1226 602 nata

899 618 1032 650 Placens
1058 618 1189 658 cunctis,
1215 617 1284 650 Deo
1310 620 1401 657 grata

948 664 1066 697 Ursula
1094 664 1219 708 regalis,

897 711 993 744 Cuius
1017 712 1118 744 mirae
1142 712 1260 751 speciei

896 758 973 790 Plus
1001 758 1166 790 mirandae
1188 756 1263 790 fidei

945 805 1017 836 Non
1043 808 1112 837 erat
1135 806 1293 845 aequalis;

896 852 978 891 Regi
1000 860 1114 892 magno
1138 852 1273 891 pulchra
1296 852 1389 883 nimis

896 898 1125 938 Desponsatur,
1153 898 1227 930 dum
1250 900 1388 930 instatur

944 945 1097 976 Precibus
1123 947 1154 976 et
1177 946 1282 977 minis.

897 1000 996 1040 Virgo
1023 1001 1216 1032 desiderium

944 1046 1075 1079 Habens
1101 1047 1256 1079 castitatis

896 1094 1073 1126 Meditatur
1098 1097 1129 1125 et
1153 1094 1287 1126 miratur

894 1141 975 1173 Rem
1000 1142 1090 1182 quasi
1114 1142 1299 1180 mysterium

947 1188 1029 1220 Suae
1052 1188 1235 1229 voluntatis,

896 1235 965 1267 Deo
991 1243 1095 1267 secum
1123 1235 1318 1275 disponente,

897 1282 987 1322 Quod
1012 1282 1171 1314 tractabat
1192 1282 1284 1314 firma
1307 1284 1421 1317 mente.

899 1338 1046 1371 Gloriosa
1069 1339 1206 1381 trinitas,

896 1385 1071 1426 virginalis
1097 1385 1234 1425 dignitas

942 1433 980 1464 In
1005 1435 1060 1465 tua
1084 1431 1183 1473 fulget
1202 1432 1305 1473 gloria

943 1479 1103 1520 Singulari
1127 1480 1239 1520 gratia,

941 1526 1017 1559 Tibi
1039 1528 1109 1559 laus
1132 1534 1191 1566 per
1214 1527 1358 1569 saecula3

895 1574 1021 1606 Sanctis
1045 1583 1102 1606 nos
1124 1582 1220 1614 socia,

942 1620 1056 1662 factor,
1083 1620 1217 1654 fautrice
1241 1621 1356 1654 Maria.

950 1764 997 1796 In
1023 1766 1055 1797 2.
1082 1763 1312 1796 NocturnO.

1035 1848 1232 1884 Antiphonae.

860 1932 868 1940 .
893 1906 1065 1939 Hominum
1089 1914 1168 1947 prae
1192 1905 1267 1938 filiis

940 1954 1059 1986 Forma
1083 1953 1271 1993 speciosum,

896 2001 1172 2042 Circumsaeptum
1195 2000 1273 2032 liliis

927 2049 1058 2089 'Regem
1084 2056 1281 2089 generosum,

989 2095 1111 2136 Regum
1134 2095 1269 2127 laudant
1293 2094 1388 2128 filiae.

836 2155 867 2186 2.
890 2153 979 2185 Iuste
1004 2151 1066 2184 Dei
1091 2151 1202 2183 civitas

939 2199 1002 2232 Est
1025 2197 1207 2240 laetificata,

896 2247 974 2280 Cum
998 2249 1046 2280 tot
1070 2255 1161 2279 sacra
1185 2247 1274 2279 milia

942 2294 1107 2327 Scandunt
1128 2294 1272 2327 laureata

988 2341 1150 2375 Thronum
1174 2343 1258 2383 regis
1283 2343 1412 2384 gloriae.
