1655 2534
340 232 387 263 In
411 234 441 265 2.
466 231 693 264 Noeturno.

427 315 617 350 Antiphonae.

229 373 258 405 1.
284 372 403 404 Lumen
427 373 531 405 vultus
554 372 680 404 Domini

330 419 430 459 Super
454 418 537 451 hunc
561 419 715 459 signatum

284 466 404 505 Corpus
427 468 569 505 praestat
594 466 710 497 homini

332 512 444 544 Gratia
467 514 620 544 renatum.

227 570 257 600 2.
283 568 352 599 Rex
376 571 408 599 et
430 570 538 600 auctor
562 568 679 598 saeculi

328 615 453 647 Christo
477 613 648 653 benedixit,

282 660 328 692 Ob
354 661 485 692 salutem
509 660 618 700 populi

327 707 471 738 Mortuus
496 706 621 738 revixit.

223 764 253 795 3.
281 761 455 794 Coronatur
479 762 580 802 gloria

325 808 457 840 Sanctus
483 811 515 839 et
537 809 666 849 honore,

280 854 394 894 Gallia,
419 855 587 890 Germania

327 901 409 933 Noto
434 902 600 934 salvatore.

416 986 619 1020 Responsoria.

227 1043 256 1074 1.
283 1042 472 1074 Praedicans
498 1051 567 1073 cum
591 1042 751 1074 sodalibus

280 1089 444 1120 Maternus
468 1087 569 1119 Gallis
589 1089 733 1128 gentibus

279 1134 445 1174 Languens
470 1135 625 1177 occumbit
649 1134 789 1167 febribus

281 1180 409 1212 Exuens
435 1191 454 1213 a
476 1182 672 1221 mortalibus,

213 1228 250 1258 V.
281 1227 373 1259 Caelo
400 1228 533 1260 donatur

328 1282 501 1315 corpusque
525 1275 591 1306 solo
616 1275 797 1306 tumulatur.

224 1332 254 1362 2.
280 1330 434 1362 Reversos
459 1330 565 1362 tristes
589 1332 673 1362 socio

278 1376 365 1407 Duos
391 1376 537 1409 defuncto
562 1379 655 1409 tertio

278 1422 334 1453 Pio
359 1424 471 1455 Petrus
493 1424 608 1455 solacio

278 1468 450 1501 Confirmat
472 1470 662 1510 ministerio;

209 1516 246 1548 V.
274 1515 322 1547 Ob
347 1517 448 1547 saneti
471 1514 565 1547 funus

324 1566 492 1594 veneratur
514 1563 616 1593 trinus
641 1565 672 1594 et
695 1571 784 1595 unus,

221 1619 251 1650 3.
278 1617 441 1649 Maternus
465 1618 554 1650 Petri
578 1618 689 1650 baculo

277 1663 373 1695 Vivus
399 1665 465 1696 exit
490 1664 530 1695 de
553 1666 671 1696 tumulo

278 1710 382 1741 Vitam
408 1711 537 1742 daturus
561 1712 695 1749 saeculo,

278 1757 391 1788 Pastor
414 1755 537 1788 futurus
561 1758 687 1797 populo,

209 1804 245 1836 V.
275 1802 328 1834 Ad
353 1803 469 1835 Christi
494 1804 594 1835 cultus

323 1850 424 1889 surgit
448 1851 487 1882 de
509 1853 610 1882 morte
634 1851 785 1890 sepultus,

334 1990 379 2022 In
405 1991 436 2022 3.
462 1989 518 2021 No
531 1992 652 2022 oturn
665 2000 692 2025 ο.

413 2073 605 2108 Antiphonae.

221 2131 248 2162 1.
275 2129 442 2162 Confidens
464 2130 498 2162 in
519 2130 653 2163 Domino

321 2176 469 2209 Pontifex
491 2177 655 2210 Maternus

275 2223 360 2254 Solio
383 2224 550 2256 intermino

322 2269 407 2301 Civis
430 2270 467 2302 fit
490 2280 653 2312 supernus

217 2327 247 2360 2.
272 2324 389 2358 Vivens
413 2327 481 2358 sine
503 2329 627 2360 macula

291 2396 300 2405 .
317 2371 427 2405 Carnis
452 2377 524 2414 post
548 2375 701 2411 decessus

837 138 883 172 62

956 231 1073 263 Christi
1097 231 1304 263 tabernacula

1001 279 1102 310 Purus
1128 281 1177 310 est
1198 279 1369 319 ingressus

896 336 927 367 3.
953 335 992 366 Iu
1016 335 1142 375 virtute,
1167 334 1312 377 Domine,

1001 382 1070 412 Tua
1094 384 1142 414 est
1165 382 1287 413 locatus

954 428 1125 460 Beatorum
1149 428 1273 468 agmine

1002 474 1097 506 Caelo
1121 475 1318 508 sublimatus

1090 567 1296 602 Responsoria.

897 623 926 655 1.
953 624 1030 656 Post
1054 625 1233 655 sanctorum
1258 624 1379 655 obitum

952 670 1116 702 Maternus
1140 678 1199 709 per
1223 671 1370 702 meritum

999 718 1108 749 Trium
1134 717 1306 758 civitatum,

952 764 1110 804 Treveris,
1138 764 1286 796 Coloniae

954 810 1053 842 Simul
1079 814 1111 842 et
1135 810 1285 842 Octaviae

998 858 1094 889 Rexit
1118 858 1345 896 praesulatum,

883 903 920 937 V.
951 904 1074 946 Verbis,
1101 903 1206 943 signis,
1233 905 1372 936 moribus

952 951 1005 982 Ad
1029 950 1205 990 profectum
1231 952 1374 982 omnibus

998 998 1099 1029 Tenet
1121 997 1343 1036 pn'noipatum.

897 1053 928 1085 2.
953 1052 1005 1084 Ex
1029 1053 1088 1084 boe
1112 1054 1222 1084 muudi
1247 1055 1350 1085 stadio

952 1099 1046 1131 Vitae
1070 1100 1181 1140 dignus
1206 1102 1346 1139 praemio

998 1146 1140 1186 Migrans
1165 1147 1215 1178 vir
1238 1147 1349 1178 beatus

953 1191 1137 1224 Sanctorum
1161 1195 1317 1225 consortio

952 1238 1036 1270 Vero
1061 1239 1178 1279 gaudet
1201 1240 1316 1279 gaudio

1000 1285 1125 1318 Christo
1150 1287 1298 1327 sociatus,

882 1332 920 1363 V.
951 1331 1091 1371 Corpore
1117 1332 1261 1371 deposito

951 1378 1041 1419 Fide,
1069 1380 1143 1420 vita,
1170 1380 1282 1411 merito

999 1426 1113 1457 Plenus
1139 1428 1170 1456 et
1193 1426 1354 1466 probatus.

893 1481 923 1514 3.
951 1480 1062 1512 Gaude
1085 1484 1149 1520 tuo,
1177 1481 1292 1522 Gallia,

998 1527 1144 1559 Materno
1171 1529 1310 1571 doctore,

951 1574 1094 1614 Laetare,
1122 1574 1301 1615 Germania,

996 1622 1109 1653 Inclito
1134 1624 1272 1665 pastore,

951 1667 1020 1707 Qui,
1047 1676 1124 1707 quos
1149 1668 1191 1700 acl
1216 1668 1366 1701 caelestia

996 1713 1096 1745 Duxit
1119 1714 1158 1746 ab
1185 1724 1302 1755 errore,

952 1759 1122 1793 Coronavit
1145 1762 1247 1801 gloria

998 1807 1059 1839 Suo
1085 1817 1154 1840 eum
1178 1807 1310 1850 faetore,

880 1854 917 1886 V.
946 1853 1084 1894 Ereptos
1107 1865 1127 1887 a
1151 1854 1293 1888 faecibus

997 1901 1167 1933 Cn'minum
1191 1903 1320 1934 incestis

950 1946 1015 1978 Nos
1040 1948 1179 1980 Materni
1201 1950 1351 1988 precibus

996 1994 1125 2026 Lustret
1148 1995 1203 2026 lux
1228 1996 1386 2031 caelestis,

1039 2107 1084 2138 In
1108 2106 1338 2144 Laudibus.

1090 2181 1284 2217 Antiphonae.

894 2239 925 2271 1.
950 2237 1102 2269 Dominus
1128 2247 1183 2270 rex
1206 2239 1354 2273 laudibus

1000 2285 1119 2317 Colitur
1143 2288 1297 2331 aeternus,

949 2332 1012 2363 Per
1036 2341 1126 2372 quem
1149 2333 1181 2363 in
1209 2335 1396 2368 caelestibus

997 2378 1118 2412 Colitur
1141 2380 1317 2418 Maternus.
