1655 2534
757 143 1014 178 —260—

374 241 436 273 Ad
460 241 574 273 Matu
585 241 730 273 tinum.

447 306 659 333 Invitatorium.

312 355 440 386 Novum
455 355 568 394 melos,
578 362 706 385 carmen
716 352 860 384 divinum

313 401 531 433 Decantemus
558 409 680 432 summo
706 400 788 439 regi,

313 448 375 486 Qui
396 450 568 487 utrumque
591 446 798 478 Valentinum

315 494 379 525 Dei
403 494 582 525 inhiantem
606 494 672 533 legi

318 540 461 572 Caelesti
487 539 653 571 coniunxit
678 540 780 579 gregi.

366 632 412 663 In
439 632 468 664 1.
493 631 552 663 No
565 634 727 663 oturno.

452 696 645 731 Antiphonae.

279 768 286 774 .
312 744 365 775 Ex
387 744 534 775 honestis
556 744 749 783 parentibus

358 790 506 830 Uterque
522 790 717 822 Valentinus

312 837 488 876 Processit,
515 846 652 877 quorum
675 837 840 869 mentibus

360 884 464 915 Amor
487 882 612 915 ferbuit
637 884 775 926 divinus,

311 930 378 961 Per
401 930 562 970 ardorem,
587 930 673 962 vitae
697 929 823 970 florem,

357 976 535 1008 Redolevit
559 985 647 1008 amor
671 977 778 1008 binus

280 1056 287 1062 .
314 1031 482 1063 Catholice
506 1034 582 1062 sunt
606 1033 723 1064 imbuti

363 1078 476 1110 Certos
501 1078 642 1111 tenendo
666 1080 788 1110 limites

314 1124 360 1155 Et
383 1124 546 1164 baptismo
572 1126 720 1157 restituti

362 1171 529 1202 Praecelsi
555 1170 676 1203 Christi
699 1173 831 1212 milites,

316 1217 370 1249 Sic
391 1217 515 1248 virtute
541 1221 574 1249 et
599 1219 705 1250 salute

359 1263 477 1295 Effecti
503 1267 577 1295 sunt
600 1265 812 1304 praedivites.

257 1339 264 1345 -
281 1343 288 1350 .
313 1320 450 1359 Regulis
474 1319 668 1352 liberalibus

360 1365 406 1397 Hi
427 1366 518 1397 beati
533 1366 691 1398 illustrati

313 1413 488 1451 Armisque
512 1413 717 1452 spiritalibus

364 1458 485 1490 Contra
508 1459 650 1498 impetus
677 1461 793 1492 armati

320 1504 530 1545 Confiterunt,
557 1505 748 1537 devicerunt

360 1551 499 1582 Actibus
523 1552 729 1584 militaribus.

448 1614 653 1648 Responsoria.

282 1694 289 1701 .
316 1670 505 1702 Orthodoxa
530 1671 670 1704 ecclesia

314 1716 466 1748 Celebret
489 1718 659 1750 sollemnia

363 1764 685 1805 Aequinominomm,

317 1810 464 1842 Resonet
485 1810 665 1852 harmonia,

316 1857 444 1888 Psallat
468 1857 572 1888 clerus
596 1860 740 1891 melodia

362 1904 494 1935 Honore
518 1904 779 1938 Valentinorum.

315 1950 530 1982 Gratulentur
555 1954 773 1994 aegrotantes,

316 1997 377 2035 Qui
400 2005 461 2036 per
484 1998 573 2036 ipsos
600 2001 678 2029 sunt
702 2002 806 2032 curati

359 2043 389 2075 A
416 2044 564 2083 contagio
589 2046 816 2087 membrorum,

279 2113 286 2120 .
312 2091 397 2122 Nam
419 2090 580 2122 honorent
604 2094 639 2123 et
662 2093 800 2126 adorent

316 2137 453 2169 Sanctos
480 2139 551 2169 sani
577 2141 611 2170 et
633 2140 786 2181 morbosi,

315 2184 376 2222 Qui
401 2184 444 2215 ad
469 2193 580 2216 curam
606 2186 794 2219 effecturam

314 2230 407 2262 Votis
434 2233 555 2263 sanctis
582 2234 723 2272 operosi.

279 2310 285 2316 .
311 2286 411 2323 Ecce,
435 2286 599 2327 fulgentes
625 2291 794 2332 exemplis,

314 2333 435 2374 Gestis,
459 2333 556 2367 factis
580 2335 644 2368 Dei
669 2339 799 2378 templis

361 2380 523 2414 Canonice
548 2383 775 2427 sublimantur,

990 239 1057 271 Ubi
1080 241 1174 271 actus
1199 239 1332 278 patrant
1357 239 1460 269 almos

987 286 1034 318 Et
1057 285 1182 317 orando
1207 285 1323 324 legunt
1346 285 1501 324 psalmos,

1033 333 1182 372 Vestigia
1204 332 1374 363 imitantur

988 380 1033 411 Et
1059 382 1246 411 sanctorm
1269 382 1402 418 patrum
1426 379 1501 410 iura

988 426 1128 458 Servant
1152 425 1305 465 diligenti
1331 435 1410 457 cura

1035 473 1081 504 Et
1097 473 1141 504 ad
1156 472 1241 504 hanc
1253 481 1330 504 suos
1343 473 1539 510 hortantur3

949 542 956 549 .
986 519 1049 551 His
1076 519 1214 551 docetur
1238 527 1319 558 gens
1344 520 1464 559 vicina,

991 565 1089 598 Cedit
1110 566 1221 597 rabies
1237 565 1370 597 beluina

989 612 1069 644 Cum
1090 612 1228 651 paganis
1253 614 1319 643 tam
1343 612 1491 652 profanis

985 659 1051 691 Per
1077 659 1260 690 doctrinam
1283 658 1401 691 horum
1424 659 1525 699 piam.

953 748 960 755 .
986 725 1083 756 Alter
1108 727 1298 755 sanctorum
1324 723 1435 765 opifex

989 770 1209 803 Ordinabatur
1232 770 1381 810 pontifex

1034 818 1232 849 Interamn-is
1259 818 1415 858 civitatis,

987 865 1083 896 Alter
1106 864 1282 903 presbyter
1307 868 1467 905 sacratur,

985 912 1050 943 Per
1076 920 1172 951 quem
1195 911 1302 943 Roma
1325 912 1515 943 illustratur

1033 958 1117 989 Fide
1144 958 1407 998 christianitatis,

986 1005 1092 1036 Ambo
1118 1007 1227 1036 tamen
1252 1004 1476 1045 dogmatizant

987 1051 1084 1083 Sacro
1108 1050 1266 1091 fonteque
1290 1051 1461 1092 baptizant

1035 1098 1174 1130 Gentem
1198 1099 1421 1138 paganitatis3

949 1168 957 1175 .
988 1145 1096 1176 Incliti
1123 1145 1293 1184 sanctique
1317 1147 1390 1186 viri,

988 1191 1053 1223 Per
1079 1200 1160 1230 quos
1187 1192 1312 1224 clarent
1338 1196 1431 1225 actus
1454 1194 1528 1224 miri

987 1238 1073 1270 Nam
1095 1247 1269 1278 perversos
1296 1247 1382 1280 aqua
1400 1249 1538 1279 mersos,

990 1284 1079 1316 Dant
1103 1283 1268 1324 perfectos
1294 1289 1328 1317 et
1353 1287 1501 1318 dilectos.

1042 1424 1088 1456 In
1114 1427 1145 1456 2.
1171 1424 1229 1457 No
1242 1428 1408 1459 cturno.

1127 1507 1322 1543 Antiphonae.

956 1596 964 1603 .
989 1573 1135 1605 Noxium
1160 1575 1310 1608 morbum
1335 1579 1461 1609 curavit

1035 1620 1175 1652 Sanctus
1198 1622 1349 1661 pontifex
1372 1623 1517 1663 infantis,

989 1666 1054 1698 Sed
1079 1667 1234 1699 sacerdos
1257 1669 1435 1702 illustravit

1036 1713 1176 1745 Caecam
1200 1715 1323 1749 virtute
1348 1720 1505 1758 tonantis,

989 1761 1043 1793 Sic
1065 1760 1231 1801 perfectos
1255 1766 1369 1802 patres
1395 1768 1507 1797 tantos

1034 1808 1143 1847 Signis
1169 1809 1258 1840 salus
1283 1811 1373 1843 redit
1396 1814 1510 1845 tantis.

955 1888 962 1894 .
987 1864 1166 1896 Rhetorem
1190 1868 1325 1905 praesul
1352 1868 1526 1901 Cratonem

1037 1911 1173 1949 Quaerit
1198 1921 1270 1944 cum
1294 1914 1428 1956 familia,

989 1957 1164 1998 Coniugem
1190 1962 1222 1990 et
1248 1960 1472 2003 Cereinonem,

1033 2005 1100 2036 Per
1124 2006 1354 2045 presbyterum
1377 2009 1447 2041 filia

988 2051 1146 2091 Uxorque
1169 2053 1227 2092 pia
1247 2053 1409 2087 Austeria

1036 2097 1159 2129 Christi
1183 2102 1302 2139 petunt
1326 2103 1434 2135 ovilia.

954 2177 961 2183 .
987 2153 1154 2186 Infit-mum
1180 2155 1246 2187 dux
1270 2157 1414 2190 visibilis

1031 2201 1137 2233 Prece
1161 2204 1296 2241 praesul
1322 2208 1459 2242 curavit.

988 2248 1053 2280 Sed
1079 2257 1210 2280 caecam
1235 2251 1412 2285 invisibilis

1033 2295 1106 2327 Lux
1131 2305 1211 2330 vera
1234 2298 1433 2333 illuminavit

988 2342 1187 2384 Sacerdotis,
1211 2345 1328 2378 horum
1353 2350 1440 2381 votis

1037 2389 1128 2423 Deus
1154 2391 1204 2423 sic
1229 2395 1453 2429 concordavit.
