<?xml version="1.0" encoding="UTF-8"?>
<!DOCTYPE html PUBLIC "-//W3C//DTD XHTML 1.0 Transitional//EN"
    "http://www.w3.org/TR/xhtml1/DTD/xhtml1-transitional.dtd">
<html xmlns="http://www.w3.org/1999/xhtml" xml:lang="en" lang="en">
 <head>
  <title>
</title>
<meta http-equiv="Content-Type" content="text/html;charset=utf-8" />
  <meta name='ocr-system' content='tesseract 3.04.00' />
  <meta name='ocr-capabilities' content='ocr_page ocr_carea ocr_par ocr_line ocrx_word'/>
</head>
<body>
  <div class='ocr_page' id='page_1' title='image "./analectahymnica28drevuoft_00103.png"; bbox 0 0 1655 2534; ppageno 0'>
   <div class='ocr_carea' id='block_1_1' title="bbox 700 155 987 190">
    <p class='ocr_par' dir='ltr' id='par_1_1' title="bbox 700 155 987 190">
     <span class='ocr_line' id='line_1_1' title="bbox 700 155 987 190; baseline -0.003 0"><span class='ocrx_word' id='word_1_1' title='bbox 700 155 987 190; x_wconf 80' lang='lat'>·—100—</span> 
     </span>
    </p>
   </div>
   <div class='ocr_carea' id='block_1_2' title="bbox 257 253 842 566">
    <p class='ocr_par' dir='ltr' id='par_1_2' title="bbox 258 253 696 427">
     <span class='ocr_line' id='line_1_2' title="bbox 258 253 638 294; baseline -0.005 -8"><span class='ocrx_word' id='word_1_2' title='bbox 258 281 266 289; x_wconf 91' lang='lat'>.</span> <span class='ocrx_word' id='word_1_3' title='bbox 292 254 431 294; x_wconf 85' lang='lat' dir='ltr'>Angelus</span> <span class='ocrx_word' id='word_1_4' title='bbox 456 262 514 294; x_wconf 90' lang='lat' dir='ltr'>per</span> <span class='ocrx_word' id='word_1_5' title='bbox 538 253 638 285; x_wconf 88' lang='lat' dir='ltr'>visum</span> 
     </span>
     <span class='ocr_line' id='line_1_3' title="bbox 292 299 641 334; baseline -0.006 -1"><span class='ocrx_word' id='word_1_6' title='bbox 292 299 431 334; x_wconf 81' lang='lat' dir='ltr'><strong>Adfatur</strong></span> <span class='ocrx_word' id='word_1_7' title='bbox 453 300 516 332; x_wconf 89' lang='lat' dir='ltr'>Dei</span> <span class='ocrx_word' id='word_1_8' title='bbox 539 301 641 332; x_wconf 87' lang='lat' dir='ltr'>virum</span> 
     </span>
     <span class='ocr_line' id='line_1_4' title="bbox 293 347 696 386; baseline -0.007 -6"><span class='ocrx_word' id='word_1_9' title='bbox 293 348 332 381; x_wconf 84' lang='lat' dir='ltr'>In</span> <span class='ocrx_word' id='word_1_10' title='bbox 357 347 536 379; x_wconf 85' lang='lat' dir='ltr'>Traiectum</span> <span class='ocrx_word' id='word_1_11' title='bbox 561 353 696 386; x_wconf 85' lang='lat' dir='ltr'>propere</span> 
     </span>
     <span class='ocr_line' id='line_1_5' title="bbox 295 394 467 427; baseline -0.012 0"><span class='ocrx_word' id='word_1_12' title='bbox 295 394 467 427; x_wconf 84' lang='lat' dir='ltr'>Frederico</span> 
     </span>
    </p>

    <p class='ocr_par' dir='ltr' id='par_1_3' title="bbox 257 439 842 566">
     <span class='ocr_line' id='line_1_6' title="bbox 340 439 708 480; baseline -0.011 -7"><span class='ocrx_word' id='word_1_13' title='bbox 340 440 480 480; x_wconf 87' lang='lat' dir='ltr'>praesuli</span> <span class='ocrx_word' id='word_1_14' title='bbox 504 439 708 478; x_wconf 89' lang='lat' dir='ltr'>coniungere;</span> 
     </span>
     <span class='ocr_line' id='line_1_7' title="bbox 257 483 842 521; baseline -0.009 -2"><span class='ocrx_word' id='word_1_15' title='bbox 257 513 265 521; x_wconf 92' lang='lat'><strong>.</strong></span> <span class='ocrx_word' id='word_1_16' title='bbox 299 485 380 519; x_wconf 79' lang='lat' dir='ltr'>C&#39;um</span> <span class='ocrx_word' id='word_1_17' title='bbox 412 488 522 518; x_wconf 69' lang='lat' dir='ltr'>saneto</span> <span class='ocrx_word' id='word_1_18' title='bbox 553 486 683 517; x_wconf 63' lang='lat' dir='ltr'>sanctus</span> <span class='ocrx_word' id='word_1_19' title='bbox 713 483 774 516; x_wconf 77' lang='lat' dir='ltr'>eris</span> <span class='ocrx_word' id='word_1_20' title='bbox 814 485 842 514; x_wconf 74' lang='lat' dir='ltr'>et</span> 
     </span>
     <span class='ocr_line' id='line_1_8' title="bbox 295 529 839 566; baseline -0.009 -1"><span class='ocrx_word' id='word_1_21' title='bbox 295 542 368 566; x_wconf 73' lang='lat' dir='ltr'>eum</span> <span class='ocrx_word' id='word_1_22' title='bbox 399 533 566 565; x_wconf 72' lang='lat' dir='ltr'>iomoceme</span> <span class='ocrx_word' id='word_1_23' title='bbox 590 531 743 562; x_wconf 71' lang='lat' dir='ltr'>innocens</span> <span class='ocrx_word' id='word_1_24' title='bbox 768 529 839 560; x_wconf 77' lang='lat' dir='ltr'>eris.</span> 
     </span>
    </p>
   </div>
   <div class='ocr_carea' id='block_1_3' title="bbox 357 662 710 694">
    <p class='ocr_par' dir='ltr' id='par_1_4' title="bbox 357 662 710 694">
     <span class='ocr_line' id='line_1_9' title="bbox 357 662 710 694; baseline -0.008 0"><span class='ocrx_word' id='word_1_25' title='bbox 357 663 402 694; x_wconf 88' lang='lat' dir='ltr'>In</span> <span class='ocrx_word' id='word_1_26' title='bbox 429 664 459 694; x_wconf 85' lang='lat'>2.</span> <span class='ocrx_word' id='word_1_27' title='bbox 484 662 710 694; x_wconf 87' lang='lat' dir='ltr'>Nocturno.</span> 
     </span>
    </p>
   </div>
   <div class='ocr_carea' id='block_1_4' title="bbox 438 743 631 779">
    <p class='ocr_par' dir='ltr' id='par_1_5' title="bbox 438 743 631 779">
     <span class='ocr_line' id='line_1_10' title="bbox 438 743 631 779; baseline -0.005 -9"><span class='ocrx_word' id='word_1_28' title='bbox 438 743 631 779; x_wconf 85' lang='lat' dir='ltr'>Antiphonae.</span> 
     </span>
    </p>
   </div>
   <div class='ocr_carea' id='block_1_5' title="bbox 263 809 842 988">
    <p class='ocr_par' dir='ltr' id='par_1_6' title="bbox 263 809 842 988">
     <span class='ocr_line' id='line_1_11' title="bbox 263 809 733 850; baseline -0.011 -6"><span class='ocrx_word' id='word_1_29' title='bbox 263 837 271 844; x_wconf 88' lang='lat'><em>.</em></span> <span class='ocrx_word' id='word_1_30' title='bbox 297 810 522 850; x_wconf 88' lang='lat' dir='ltr'>Praerogativa</span> <span class='ocrx_word' id='word_1_31' title='bbox 545 809 733 850; x_wconf 82' lang='lat' dir='ltr'>intellectus,</span> 
     </span>
     <span class='ocr_line' id='line_1_12' title="bbox 295 856 842 895; baseline -0.007 -6"><span class='ocrx_word' id='word_1_32' title='bbox 295 857 419 890; x_wconf 79' lang='lat' dir='ltr'>Morum</span> <span class='ocrx_word' id='word_1_33' title='bbox 431 859 546 888; x_wconf 88' lang='lat' dir='ltr'>trames</span> <span class='ocrx_word' id='word_1_34' title='bbox 556 856 689 895; x_wconf 80' lang='lat' dir='ltr'>simplex</span> <span class='ocrx_word' id='word_1_35' title='bbox 699 858 731 886; x_wconf 88' lang='lat' dir='ltr'>et</span> <span class='ocrx_word' id='word_1_36' title='bbox 738 856 842 886; x_wconf 87' lang='lat' dir='ltr'>rectus</span> 
     </span>
     <span class='ocr_line' id='line_1_13' title="bbox 295 902 691 943; baseline -0.005 -8"><span class='ocrx_word' id='word_1_37' title='bbox 295 904 482 936; x_wconf 84' lang='lat' dir='ltr'>Miraculum</span> <span class='ocrx_word' id='word_1_38' title='bbox 508 902 691 943; x_wconf 77' lang='lat' dir='ltr'>praebebat,</span> 
     </span>
     <span class='ocr_line' id='line_1_14' title="bbox 298 947 808 988; baseline 0 -7"><span class='ocrx_word' id='word_1_39' title='bbox 298 950 450 982; x_wconf 80' lang='lat' dir='ltr'>Samuelis</span> <span class='ocrx_word' id='word_1_40' title='bbox 474 950 574 981; x_wconf 86' lang='lat' dir='ltr'>instar</span> <span class='ocrx_word' id='word_1_41' title='bbox 597 947 808 988; x_wconf 80' lang='lat' dir='ltr'>praeferebat.</span> 
     </span>
    </p>
   </div>
   <div class='ocr_carea' id='block_1_6' title="bbox 262 1004 760 1177">
    <p class='ocr_par' dir='ltr' id='par_1_7' title="bbox 262 1004 760 1177">
     <span class='ocr_line' id='line_1_15' title="bbox 262 1004 602 1046; baseline -0.009 -8"><span class='ocrx_word' id='word_1_42' title='bbox 262 1033 268 1040; x_wconf 95' lang='lat'>.</span> <span class='ocrx_word' id='word_1_43' title='bbox 294 1005 400 1038; x_wconf 85' lang='lat' dir='ltr'>Minor</span> <span class='ocrx_word' id='word_1_44' title='bbox 422 1005 456 1036; x_wconf 92' lang='lat' dir='ltr'>in</span> <span class='ocrx_word' id='word_1_45' title='bbox 481 1004 602 1046; x_wconf 87' lang='lat' dir='ltr'>effectu,</span> 
     </span>
     <span class='ocr_line' id='line_1_16' title="bbox 296 1050 592 1084; baseline -0.003 -1"><span class='ocrx_word' id='word_1_46' title='bbox 296 1051 400 1084; x_wconf 79' lang='lat' dir='ltr'>Maior</span> <span class='ocrx_word' id='word_1_47' title='bbox 422 1052 453 1082; x_wconf 89' lang='lat' dir='ltr'>in</span> <span class='ocrx_word' id='word_1_48' title='bbox 480 1050 592 1082; x_wconf 86' lang='lat' dir='ltr'>affectu</span> 
     </span>
     <span class='ocr_line' id='line_1_17' title="bbox 296 1097 760 1137; baseline -0.004 -8"><span class='ocrx_word' id='word_1_49' title='bbox 296 1098 518 1137; x_wconf 86' lang='lat' dir='ltr'>Portendebat,</span> <span class='ocrx_word' id='word_1_50' title='bbox 545 1097 620 1136; x_wconf 86' lang='lat' dir='ltr'>quid</span> <span class='ocrx_word' id='word_1_51' title='bbox 644 1100 760 1137; x_wconf 85' lang='lat' dir='ltr'>ageret,</span> 
     </span>
     <span class='ocr_line' id='line_1_18' title="bbox 296 1144 737 1177; baseline 0 -1"><span class='ocrx_word' id='word_1_52' title='bbox 296 1144 428 1177; x_wconf 83' lang='lat' dir='ltr'>Iuventa</span> <span class='ocrx_word' id='word_1_53' title='bbox 453 1153 522 1175; x_wconf 88' lang='lat' dir='ltr'>cum</span> <span class='ocrx_word' id='word_1_54' title='bbox 546 1144 737 1176; x_wconf 76' lang='lat' dir='ltr'>succederet.</span> 
     </span>
    </p>
   </div>
   <div class='ocr_carea' id='block_1_7' title="bbox 264 1199 797 1377">
    <p class='ocr_par' dir='ltr' id='par_1_8' title="bbox 264 1199 797 1377">
     <span class='ocr_line' id='line_1_19' title="bbox 264 1199 677 1232; baseline -0.007 0"><span class='ocrx_word' id='word_1_55' title='bbox 264 1225 271 1232; x_wconf 90' lang='lat'>.</span> <span class='ocrx_word' id='word_1_56' title='bbox 299 1199 407 1232; x_wconf 89' lang='lat' dir='ltr'>Induit</span> <span class='ocrx_word' id='word_1_57' title='bbox 427 1199 677 1230; x_wconf 80' lang='lat' dir='ltr'>benedictionem</span> 
     </span>
     <span class='ocr_line' id='line_1_20' title="bbox 297 1245 797 1286; baseline -0.006 -8"><span class='ocrx_word' id='word_1_58' title='bbox 297 1246 360 1279; x_wconf 89' lang='lat' dir='ltr'>Per</span> <span class='ocrx_word' id='word_1_59' title='bbox 388 1245 532 1277; x_wconf 85' lang='lat' dir='ltr'>ordinum</span> <span class='ocrx_word' id='word_1_60' title='bbox 555 1245 797 1286; x_wconf 80' lang='lat' dir='ltr'>impositionem,</span> 
     </span>
     <span class='ocr_line' id='line_1_21' title="bbox 297 1290 696 1324; baseline -0.005 0"><span class='ocrx_word' id='word_1_61' title='bbox 297 1291 406 1324; x_wconf 88' lang='lat' dir='ltr'>Donec</span> <span class='ocrx_word' id='word_1_62' title='bbox 429 1290 490 1322; x_wconf 86' lang='lat' dir='ltr'>fuit</span> <span class='ocrx_word' id='word_1_63' title='bbox 513 1291 696 1323; x_wconf 86' lang='lat' dir='ltr'>sublimatus</span> 
     </span>
     <span class='ocr_line' id='line_1_22' title="bbox 298 1337 675 1377; baseline 0.003 -8"><span class='ocrx_word' id='word_1_64' title='bbox 298 1337 406 1369; x_wconf 82' lang='lat' dir='ltr'>Gradu</span> <span class='ocrx_word' id='word_1_65' title='bbox 429 1338 675 1377; x_wconf 77' lang='lat' dir='ltr'>presbyteratus,</span> 
     </span>
    </p>
   </div>
   <div class='ocr_carea' id='block_1_8' title="bbox 435 1420 640 1456">
    <p class='ocr_par' dir='ltr' id='par_1_9' title="bbox 435 1420 640 1456">
     <span class='ocr_line' id='line_1_23' title="bbox 435 1420 640 1456; baseline 0.005 -9"><span class='ocrx_word' id='word_1_66' title='bbox 435 1420 640 1456; x_wconf 84' lang='lat' dir='ltr'>Responsoria.</span> 
     </span>
    </p>
   </div>
   <div class='ocr_carea' id='block_1_9' title="bbox 264 1486 845 1850">
    <p class='ocr_par' dir='ltr' id='par_1_10' title="bbox 266 1486 730 1526">
     <span class='ocr_line' id='line_1_24' title="bbox 266 1486 730 1526; baseline -0.006 -6"><span class='ocrx_word' id='word_1_67' title='bbox 266 1512 274 1520; x_wconf 91' lang='lat'><strong>.</strong></span> <span class='ocrx_word' id='word_1_68' title='bbox 300 1486 472 1525; x_wconf 84' lang='lat' dir='ltr'>Odulphus,</span> <span class='ocrx_word' id='word_1_69' title='bbox 499 1487 619 1525; x_wconf 81' lang='lat' dir='ltr'>lampas</span> <span class='ocrx_word' id='word_1_70' title='bbox 644 1487 730 1526; x_wconf 88' lang='lat' dir='ltr'>cleri,</span> 
     </span>
    </p>

    <p class='ocr_par' dir='ltr' id='par_1_11' title="bbox 302 1532 717 1574">
     <span class='ocr_line' id='line_1_25' title="bbox 302 1532 717 1574; baseline -0.002 -10"><span class='ocrx_word' id='word_1_71' title='bbox 302 1532 377 1564; x_wconf 85' lang='lat' dir='ltr'>Sors</span> <span class='ocrx_word' id='word_1_72' title='bbox 401 1533 470 1571; x_wconf 87' lang='lat' dir='ltr'>ipse</span> <span class='ocrx_word' id='word_1_73' title='bbox 495 1535 526 1562; x_wconf 84' lang='lat' dir='ltr'>et</span> <span class='ocrx_word' id='word_1_74' title='bbox 549 1541 623 1571; x_wconf 90' lang='lat' dir='ltr'>pars</span> <span class='ocrx_word' id='word_1_75' title='bbox 648 1532 717 1574; x_wconf 91' lang='lat' dir='ltr'>Dei,</span> 
     </span>
    </p>

    <p class='ocr_par' dir='ltr' id='par_1_12' title="bbox 300 1579 637 1611">
     <span class='ocr_line' id='line_1_26' title="bbox 300 1579 637 1611; baseline -0.003 -1"><span class='ocrx_word' id='word_1_76' title='bbox 300 1579 367 1611; x_wconf 79' lang='lat' dir='ltr'>Iam</span> <span class='ocrx_word' id='word_1_77' title='bbox 391 1579 544 1609; x_wconf 85' lang='lat' dir='ltr'>maturior</span> <span class='ocrx_word' id='word_1_78' title='bbox 567 1579 637 1610; x_wconf 87' lang='lat' dir='ltr'>aevi</span> 
     </span>
    </p>

    <p class='ocr_par' dir='ltr' id='par_1_13' title="bbox 300 1624 636 1664">
     <span class='ocr_line' id='line_1_27' title="bbox 300 1624 636 1664; baseline -0.003 -7"><span class='ocrx_word' id='word_1_79' title='bbox 300 1625 379 1657; x_wconf 78' lang='lat' dir='ltr'>Post,</span> <span class='ocrx_word' id='word_1_80' title='bbox 402 1624 533 1664; x_wconf 84' lang='lat' dir='ltr'>gradum</span> <span class='ocrx_word' id='word_1_81' title='bbox 557 1625 636 1656; x_wconf 74' lang='lat' dir='ltr'>Levi</span> 
     </span>
    </p>

    <p class='ocr_par' dir='ltr' id='par_1_14' title="bbox 304 1671 637 1702">
     <span class='ocr_line' id='line_1_28' title="bbox 304 1671 637 1702; baseline 0 0"><span class='ocrx_word' id='word_1_82' title='bbox 304 1671 452 1702; x_wconf 87' lang='lat' dir='ltr'>Sacratur</span> <span class='ocrx_word' id='word_1_83' title='bbox 475 1671 637 1702; x_wconf 89' lang='lat' dir='ltr'>immolare</span> 
     </span>
    </p>

    <p class='ocr_par' dir='ltr' id='par_1_15' title="bbox 304 1717 644 1757">
     <span class='ocr_line' id='line_1_29' title="bbox 304 1717 644 1757; baseline 0 -9"><span class='ocrx_word' id='word_1_84' title='bbox 304 1717 433 1748; x_wconf 85' lang='lat' dir='ltr'>Sacrum</span> <span class='ocrx_word' id='word_1_85' title='bbox 457 1718 644 1757; x_wconf 81' lang='lat' dir='ltr'>immortale,</span> 
     </span>
    </p>

    <p class='ocr_par' dir='ltr' id='par_1_16' title="bbox 264 1763 845 1850">
     <span class='ocr_line' id='line_1_30' title="bbox 264 1763 845 1808; baseline 0.005 -14"><span class='ocrx_word' id='word_1_86' title='bbox 264 1791 270 1798; x_wconf 91' lang='grc'><em>,</em></span> <span class='ocrx_word' id='word_1_87' title='bbox 300 1763 447 1799; x_wconf 71' lang='lat' dir='ltr'>Sanetus,</span> <span class='ocrx_word' id='word_1_88' title='bbox 465 1764 627 1803; x_wconf 68' lang='lat' dir='ltr'>innocens,</span> <span class='ocrx_word' id='word_1_89' title='bbox 649 1764 845 1808; x_wconf 69' lang='lat' dir='ltr'>impollutus,</span> 
     </span>
     <span class='ocr_line' id='line_1_31' title="bbox 302 1812 773 1850; baseline 0.004 -9"><span class='ocrx_word' id='word_1_90' title='bbox 302 1813 482 1850; x_wconf 63' lang='lat' dir='ltr'>segregatus</span> <span class='ocrx_word' id='word_1_91' title='bbox 507 1820 529 1841; x_wconf 84' lang='grc' dir='ltr'><em>α</em></span> <span class='ocrx_word' id='word_1_92' title='bbox 546 1812 773 1850; x_wconf 73' lang='lat' dir='ltr'>peecatoribus.</span> 
     </span>
    </p>
   </div>
   <div class='ocr_carea' id='block_1_10' title="bbox 268 1865 851 2139">
    <p class='ocr_par' dir='ltr' id='par_1_17' title="bbox 273 1865 757 1909">
     <span class='ocr_line' id='line_1_32' title="bbox 273 1865 757 1909; baseline 0 -11"><span class='ocrx_word' id='word_1_93' title='bbox 273 1892 279 1898; x_wconf 95' lang='lat'>.</span> <span class='ocrx_word' id='word_1_94' title='bbox 305 1865 500 1905; x_wconf 74' lang='lat' dir='ltr'>Posthabust,</span> <span class='ocrx_word' id='word_1_95' title='bbox 530 1867 612 1905; x_wconf 90' lang='lat' dir='ltr'>quod</span> <span class='ocrx_word' id='word_1_96' title='bbox 637 1867 757 1909; x_wconf 91' lang='lat' dir='ltr'>habuit,</span> 
     </span>
    </p>

    <p class='ocr_par' dir='ltr' id='par_1_18' title="bbox 308 1912 591 1951">
     <span class='ocr_line' id='line_1_33' title="bbox 308 1912 591 1951; baseline 0 -8"><span class='ocrx_word' id='word_1_97' title='bbox 308 1912 370 1951; x_wconf 87' lang='lat' dir='ltr'>Spe</span> <span class='ocrx_word' id='word_1_98' title='bbox 394 1915 591 1943; x_wconf 89' lang='lat' dir='ltr'>aeternorum</span> 
     </span>
    </p>

    <p class='ocr_par' dir='ltr' id='par_1_19' title="bbox 305 1959 738 1998">
     <span class='ocr_line' id='line_1_34' title="bbox 305 1959 738 1998; baseline 0.002 -9"><span class='ocrx_word' id='word_1_99' title='bbox 305 1959 478 1998; x_wconf 88' lang='lat' dir='ltr'>Odulphus,</span> <span class='ocrx_word' id='word_1_100' title='bbox 505 1967 632 1990; x_wconf 85' lang='lat' dir='ltr'>currens</span> <span class='ocrx_word' id='word_1_101' title='bbox 657 1960 738 1991; x_wconf 90' lang='lat' dir='ltr'>viam</span> 
     </span>
    </p>

    <p class='ocr_par' dir='ltr' id='par_1_20' title="bbox 303 2005 621 2044">
     <span class='ocr_line' id='line_1_35' title="bbox 303 2005 621 2044; baseline 0.006 -8"><span class='ocrx_word' id='word_1_102' title='bbox 303 2005 364 2037; x_wconf 91' lang='lat' dir='ltr'>Dei</span> <span class='ocrx_word' id='word_1_103' title='bbox 387 2006 621 2044; x_wconf 78' lang='lat' dir='ltr'>mandatorum3</span> 
     </span>
    </p>

    <p class='ocr_par' dir='ltr' id='par_1_21' title="bbox 268 2051 851 2139">
     <span class='ocr_line' id='line_1_36' title="bbox 268 2051 851 2093; baseline 0 -8"><span class='ocrx_word' id='word_1_104' title='bbox 268 2078 274 2085; x_wconf 96' lang='lat'>.</span> <span class='ocrx_word' id='word_1_105' title='bbox 301 2051 379 2084; x_wconf 66' lang='lat' dir='ltr'>Now</span> <span class='ocrx_word' id='word_1_106' title='bbox 395 2052 473 2084; x_wconf 72' lang='lat' dir='ltr'>abiit</span> <span class='ocrx_word' id='word_1_107' title='bbox 484 2052 522 2083; x_wconf 70' lang='lat' dir='ltr'>in</span> <span class='ocrx_word' id='word_1_108' title='bbox 533 2051 663 2084; x_wconf 70' lang='lat' dir='ltr'>consilio</span> <span class='ocrx_word' id='word_1_109' title='bbox 676 2052 851 2093; x_wconf 75' lang='lat' dir='ltr'>impiorum</span> 
     </span>
     <span class='ocr_line' id='line_1_37' title="bbox 305 2098 851 2139; baseline 0.005 -10"><span class='ocrx_word' id='word_1_110' title='bbox 305 2101 332 2130; x_wconf 78' lang='lat' dir='ltr'>et</span> <span class='ocrx_word' id='word_1_111' title='bbox 346 2099 384 2129; x_wconf 73' lang='lat' dir='ltr'>in</span> <span class='ocrx_word' id='word_1_112' title='bbox 398 2098 452 2130; x_wconf 80' lang='lat' dir='ltr'>via</span> <span class='ocrx_word' id='word_1_113' title='bbox 461 2101 671 2139; x_wconf 71' lang='lat' dir='ltr'>peccatorum</span> <span class='ocrx_word' id='word_1_114' title='bbox 681 2108 748 2131; x_wconf 71' lang='lat' dir='ltr'>ozon</span> <span class='ocrx_word' id='word_1_115' title='bbox 759 2100 851 2132; x_wconf 66' lang='lat' dir='ltr'>stetit.</span> 
     </span>
    </p>
   </div>
   <div class='ocr_carea' id='block_1_11' title="bbox 265 2154 811 2428">
    <p class='ocr_par' dir='ltr' id='par_1_22' title="bbox 272 2154 683 2199">
     <span class='ocr_line' id='line_1_38' title="bbox 272 2154 683 2199; baseline 0 -12"><span class='ocrx_word' id='word_1_116' title='bbox 272 2180 279 2187; x_wconf 95' lang='lat'>.</span> <span class='ocrx_word' id='word_1_117' title='bbox 304 2154 470 2186; x_wconf 81' lang='lat' dir='ltr'>Exstincto</span> <span class='ocrx_word' id='word_1_118' title='bbox 493 2157 683 2199; x_wconf 74' lang='lat' dir='ltr'>contumace,</span> 
     </span>
    </p>

    <p class='ocr_par' dir='ltr' id='par_1_23' title="bbox 304 2201 758 2336">
     <span class='ocr_line' id='line_1_39' title="bbox 305 2201 758 2242; baseline 0.004 -10"><span class='ocrx_word' id='word_1_119' title='bbox 305 2201 364 2239; x_wconf 81' lang='lat' dir='ltr'>Qui</span> <span class='ocrx_word' id='word_1_120' title='bbox 391 2202 514 2241; x_wconf 88' lang='lat' dir='ltr'>sprevit</span> <span class='ocrx_word' id='word_1_121' title='bbox 533 2203 758 2242; x_wconf 87' lang='lat' dir='ltr'>praesulatum,</span> 
     </span>
     <span class='ocr_line' id='line_1_40' title="bbox 304 2247 624 2288; baseline 0.003 -9"><span class='ocrx_word' id='word_1_122' title='bbox 304 2247 421 2279; x_wconf 84' lang='lat' dir='ltr'>Statuit</span> <span class='ocrx_word' id='word_1_123' title='bbox 444 2249 624 2288; x_wconf 85' lang='lat' dir='ltr'>Odulphum</span> 
     </span>
     <span class='ocr_line' id='line_1_41' title="bbox 304 2295 684 2336; baseline 0.008 -11"><span class='ocrx_word' id='word_1_124' title='bbox 304 2295 484 2326; x_wconf 81' lang='lat' dir='ltr'>Praesulem</span> <span class='ocrx_word' id='word_1_125' title='bbox 507 2296 684 2336; x_wconf 79' lang='lat' dir='ltr'>probatum,</span> 
     </span>
    </p>

    <p class='ocr_par' dir='ltr' id='par_1_24' title="bbox 265 2340 811 2428">
     <span class='ocr_line' id='line_1_42' title="bbox 265 2340 811 2382; baseline 0 -8"><span class='ocrx_word' id='word_1_126' title='bbox 265 2366 272 2374; x_wconf 93' lang='lat'><strong><em>.</em></strong></span> <span class='ocrx_word' id='word_1_127' title='bbox 303 2340 388 2381; x_wconf 71' lang='lat' dir='ltr'>Quia</span> <span class='ocrx_word' id='word_1_128' title='bbox 407 2342 636 2382; x_wconf 57' lang='lat' dir='ltr'>beneplacitum</span> <span class='ocrx_word' id='word_1_129' title='bbox 653 2345 697 2375; x_wconf 75' lang='lat' dir='ltr'>est</span> <span class='ocrx_word' id='word_1_130' title='bbox 711 2343 768 2374; x_wconf 86' lang='lat' dir='ltr'>Do</span> <span class='ocrx_word' id='word_1_131' title='bbox 796 2343 811 2369; x_wconf 66' lang='lat'>,·</span> 
     </span>
     <span class='ocr_line' id='line_1_43' title="bbox 304 2388 574 2428; baseline 0.015 -10"><span class='ocrx_word' id='word_1_132' title='bbox 304 2388 342 2419; x_wconf 67' lang='lat' dir='ltr'>‘m</span> <span class='ocrx_word' id='word_1_133' title='bbox 358 2388 482 2428; x_wconf 71' lang='lat' dir='ltr'>populo</span> <span class='ocrx_word' id='word_1_134' title='bbox 507 2399 574 2422; x_wconf 84' lang='lat' dir='ltr'>suo.</span> 
     </span>
    </p>
   </div>
   <div class='ocr_carea' id='block_1_12' title="bbox 621 2443 696 2532">
    <p class='ocr_par' dir='ltr' id='par_1_25' title="bbox 621 2443 696 2532">
     <span class='ocr_line' id='line_1_44' title="bbox 640 2443 696 2502; baseline 0 -30"><span class='ocrx_word' id='word_1_135' title='bbox 640 2443 696 2502; x_wconf 43' lang='lat' dir='ltr'>Q&amp;</span> 
     </span>
     <span class='ocr_line' id='line_1_45' title="bbox 621 2511 656 2532; baseline 0 0"><span class='ocrx_word' id='word_1_136' title='bbox 621 2511 656 2532; x_wconf 75' lang='grc' dir='ltr'>’.υ</span> 
     </span>
    </p>
   </div>
   <div class='ocr_carea' id='block_1_13' title="bbox 591 2353 1042 2534">
    <p class='ocr_par' dir='ltr' id='par_1_26' title="bbox 591 2353 1042 2534">
     <span class='ocr_line' id='line_1_46' title="bbox 591 2353 1042 2534; baseline 0 0"><span class='ocrx_word' id='word_1_137' title='bbox 591 2446 621 2534; x_wconf 95' lang='lat' dir='ltr'> </span> <span class='ocrx_word' id='word_1_138' title='bbox 655 2353 1042 2446; x_wconf 95' lang='lat' dir='ltr'>    </span> 
     </span>
    </p>
   </div>
   <div class='ocr_carea' id='block_1_14' title="bbox 687 2394 974 2460">
    <p class='ocr_par' dir='ltr' id='par_1_27' title="bbox 687 2394 974 2460">
     <span class='ocr_line' id='line_1_47' title="bbox 687 2394 974 2460; baseline -0.003 -26"><span class='ocrx_word' id='word_1_139' title='bbox 687 2399 814 2460; x_wconf 44' lang='grc' dir='ltr'>((ςῦἸί</span> <span class='ocrx_word' id='word_1_140' title='bbox 837 2394 878 2425; x_wconf 74' lang='grc' dir='ltr'>ΟΡ</span> <span class='ocrx_word' id='word_1_141' title='bbox 901 2396 974 2453; x_wconf 23' lang='lat' dir='ltr'>‘MEO</span> 
     </span>
    </p>
   </div>
   <div class='ocr_carea' id='block_1_15' title="bbox 764 2497 1133 2534">
    <p class='ocr_par' dir='ltr' id='par_1_28' title="bbox 764 2497 1133 2534">
     <span class='ocr_line' id='line_1_48' title="bbox 764 2497 1133 2534; baseline 0.016 -13"><span class='ocrx_word' id='word_1_142' title='bbox 764 2497 812 2521; x_wconf 77' lang='lat' dir='ltr'>ST.</span> <span class='ocrx_word' id='word_1_143' title='bbox 838 2502 1015 2531; x_wconf 60' lang='lat' dir='ltr'>momen-n</span> <span class='ocrx_word' id='word_1_144' title='bbox 1057 2501 1081 2534; x_wconf 58' lang='lat' dir='ltr'>‘x</span> <span class='ocrx_word' id='word_1_145' title='bbox 1098 2506 1133 2527; x_wconf 61' lang='grc' dir='ltr'><strong><em>Α</em></strong></span> 
     </span>
    </p>
   </div>
   <div class='ocr_carea' id='block_1_16' title="bbox 1032 245 1388 279">
    <p class='ocr_par' dir='ltr' id='par_1_29' title="bbox 1032 245 1388 279">
     <span class='ocr_line' id='line_1_49' title="bbox 1032 245 1388 279; baseline -0.014 0"><span class='ocrx_word' id='word_1_146' title='bbox 1032 247 1079 279; x_wconf 91' lang='lat' dir='ltr'>In</span> <span class='ocrx_word' id='word_1_147' title='bbox 1104 247 1135 279; x_wconf 85' lang='lat'>3.</span> <span class='ocrx_word' id='word_1_148' title='bbox 1161 245 1388 277; x_wconf 83' lang='lat' dir='ltr'>NocturnO.</span> 
     </span>
    </p>
   </div>
   <div class='ocr_carea' id='block_1_17' title="bbox 1111 319 1305 355">
    <p class='ocr_par' dir='ltr' id='par_1_30' title="bbox 1111 319 1305 355">
     <span class='ocr_line' id='line_1_50' title="bbox 1111 319 1305 355; baseline -0.021 -8"><span class='ocrx_word' id='word_1_149' title='bbox 1111 319 1305 355; x_wconf 84' lang='lat' dir='ltr'>Antiphonae.</span> 
     </span>
    </p>
   </div>
   <div class='ocr_carea' id='block_1_18' title="bbox 936 373 1420 417">
    <p class='ocr_par' dir='ltr' id='par_1_31' title="bbox 936 373 1420 417">
     <span class='ocr_line' id='line_1_51' title="bbox 936 373 1420 417; baseline -0.014 -7"><span class='ocrx_word' id='word_1_150' title='bbox 936 403 943 410; x_wconf 92' lang='lat'>.</span> <span class='ocrx_word' id='word_1_151' title='bbox 969 379 1000 410; x_wconf 89' lang='lat' dir='ltr'>A</span> <span class='ocrx_word' id='word_1_152' title='bbox 1024 378 1126 409; x_wconf 86' lang='lat' dir='ltr'>Roma</span> <span class='ocrx_word' id='word_1_153' title='bbox 1148 378 1222 417; x_wconf 88' lang='lat' dir='ltr'>post</span> <span class='ocrx_word' id='word_1_154' title='bbox 1245 373 1420 414; x_wconf 86' lang='lat' dir='ltr'>angelicum</span> 
     </span>
    </p>
   </div>
   <div class='ocr_carea' id='block_1_19' title="bbox 967 421 1435 549">
    <p class='ocr_par' dir='ltr' id='par_1_32' title="bbox 967 421 1435 549">
     <span class='ocr_line' id='line_1_52' title="bbox 967 421 1435 463; baseline -0.013 -7"><span class='ocrx_word' id='word_1_155' title='bbox 967 425 1131 463; x_wconf 89' lang='lat' dir='ltr'>Odulphus</span> <span class='ocrx_word' id='word_1_156' title='bbox 1156 423 1198 455; x_wconf 87' lang='lat' dir='ltr'>ad</span> <span class='ocrx_word' id='word_1_157' title='bbox 1217 421 1435 460; x_wconf 84' lang='lat' dir='ltr'>Fredericum,</span> 
     </span>
     <span class='ocr_line' id='line_1_53' title="bbox 968 469 1325 503; baseline -0.011 -1"><span class='ocrx_word' id='word_1_158' title='bbox 968 471 1099 503; x_wconf 83' lang='lat' dir='ltr'>Electus</span> <span class='ocrx_word' id='word_1_159' title='bbox 1125 471 1166 502; x_wconf 88' lang='lat' dir='ltr'>ad</span> <span class='ocrx_word' id='word_1_160' title='bbox 1192 469 1325 500; x_wconf 88' lang='lat' dir='ltr'>electum</span> 
     </span>
     <span class='ocr_line' id='line_1_54' title="bbox 967 516 1328 549; baseline -0.014 0"><span class='ocrx_word' id='word_1_161' title='bbox 967 517 1117 549; x_wconf 88' lang='lat' dir='ltr'>Pervenit</span> <span class='ocrx_word' id='word_1_162' title='bbox 1139 516 1328 548; x_wconf 83' lang='lat' dir='ltr'>Traiectum.</span> 
     </span>
    </p>
   </div>
   <div class='ocr_carea' id='block_1_20' title="bbox 936 569 1383 605">
    <p class='ocr_par' dir='ltr' id='par_1_33' title="bbox 936 569 1383 605">
     <span class='ocr_line' id='line_1_55' title="bbox 936 569 1383 605; baseline -0.011 0"><span class='ocrx_word' id='word_1_163' title='bbox 936 598 942 604; x_wconf 95' lang='lat'>.</span> <span class='ocrx_word' id='word_1_164' title='bbox 969 573 1045 605; x_wconf 87' lang='lat' dir='ltr'>Flos</span> <span class='ocrx_word' id='word_1_165' title='bbox 1070 572 1147 603; x_wconf 88' lang='lat' dir='ltr'>cleri</span> <span class='ocrx_word' id='word_1_166' title='bbox 1170 569 1383 602; x_wconf 86' lang='lat' dir='ltr'>Traiectensis</span> 
     </span>
    </p>
   </div>
   <div class='ocr_carea' id='block_1_21' title="bbox 968 612 1473 797">
    <p class='ocr_par' dir='ltr' id='par_1_34' title="bbox 968 612 1473 752">
     <span class='ocr_line' id='line_1_56' title="bbox 968 612 1473 656; baseline -0.014 -5"><span class='ocrx_word' id='word_1_167' title='bbox 968 619 1147 651; x_wconf 80' lang='lat' dir='ltr'>Virtutibus</span> <span class='ocrx_word' id='word_1_168' title='bbox 1168 612 1281 649; x_wconf 78' lang='lat' dir='ltr'>vernat</span> <span class='ocrx_word' id='word_1_169' title='bbox 1301 614 1473 656; x_wconf 84' lang='lat' dir='ltr'>immensiS,</span> 
     </span>
     <span class='ocr_line' id='line_1_57' title="bbox 969 664 1237 704; baseline -0.015 -6"><span class='ocrx_word' id='word_1_170' title='bbox 969 665 1071 698; x_wconf 85' lang='lat' dir='ltr'>Filius</span> <span class='ocrx_word' id='word_1_171' title='bbox 1096 664 1237 704; x_wconf 88' lang='lat' dir='ltr'>Bodgysi</span> 
     </span>
     <span class='ocr_line' id='line_1_58' title="bbox 968 710 1302 752; baseline -0.012 -8"><span class='ocrx_word' id='word_1_172' title='bbox 968 712 1093 752; x_wconf 89' lang='lat' dir='ltr'>Hospes</span> <span class='ocrx_word' id='word_1_173' title='bbox 1117 711 1151 742; x_wconf 92' lang='lat' dir='ltr'>in</span> <span class='ocrx_word' id='word_1_174' title='bbox 1174 710 1302 748; x_wconf 86' lang='lat' dir='ltr'>mundo,</span> 
     </span>
    </p>

    <p class='ocr_par' dir='ltr' id='par_1_35' title="bbox 1017 757 1284 797">
     <span class='ocr_line' id='line_1_59' title="bbox 1017 757 1284 797; baseline -0.011 -7"><span class='ocrx_word' id='word_1_175' title='bbox 1017 759 1109 790; x_wconf 87' lang='lat' dir='ltr'>heres</span> <span class='ocrx_word' id='word_1_176' title='bbox 1133 757 1284 797; x_wconf 87' lang='lat' dir='ltr'>paradisi.</span> 
     </span>
    </p>
   </div>
   <div class='ocr_carea' id='block_1_22' title="bbox 936 807 1381 855">
    <p class='ocr_par' dir='ltr' id='par_1_36' title="bbox 936 807 1381 855">
     <span class='ocr_line' id='line_1_60' title="bbox 936 807 1381 855; baseline -0.016 -5"><span class='ocrx_word' id='word_1_177' title='bbox 936 843 943 850; x_wconf 93' lang='lat'>.</span> <span class='ocrx_word' id='word_1_178' title='bbox 968 807 1053 855; x_wconf 82' lang='lat' dir='ltr'>Ignis</span> <span class='ocrx_word' id='word_1_179' title='bbox 1076 814 1243 846; x_wconf 92' lang='lat' dir='ltr'>absumens</span> <span class='ocrx_word' id='word_1_180' title='bbox 1269 813 1381 844; x_wconf 88' lang='lat' dir='ltr'>cellam</span> 
     </span>
    </p>
   </div>
   <div class='ocr_carea' id='block_1_23' title="bbox 969 859 1425 987">
    <p class='ocr_par' dir='ltr' id='par_1_37' title="bbox 969 859 1425 987">
     <span class='ocr_line' id='line_1_61' title="bbox 969 859 1352 894; baseline -0.01 0"><span class='ocrx_word' id='word_1_181' title='bbox 969 862 1121 894; x_wconf 88' lang='lat' dir='ltr'>Baculum</span> <span class='ocrx_word' id='word_1_182' title='bbox 1146 863 1178 892; x_wconf 91' lang='lat' dir='ltr'>et</span> <span class='ocrx_word' id='word_1_183' title='bbox 1201 859 1352 891; x_wconf 88' lang='lat' dir='ltr'>tabellam</span> 
     </span>
     <span class='ocr_line' id='line_1_62' title="bbox 970 905 1372 940; baseline -0.007 0"><span class='ocrx_word' id='word_1_184' title='bbox 970 908 1042 940; x_wconf 85' lang='lat' dir='ltr'>Non</span> <span class='ocrx_word' id='word_1_185' title='bbox 1066 908 1158 939; x_wconf 91' lang='lat' dir='ltr'>laesit</span> <span class='ocrx_word' id='word_1_186' title='bbox 1185 905 1372 938; x_wconf 84' lang='lat' dir='ltr'>confessoris</span> 
     </span>
     <span class='ocr_line' id='line_1_63' title="bbox 970 953 1425 987; baseline -0.007 0"><span class='ocrx_word' id='word_1_187' title='bbox 970 955 1158 987; x_wconf 87' lang='lat' dir='ltr'>Ministrans</span> <span class='ocrx_word' id='word_1_188' title='bbox 1182 955 1310 986; x_wconf 85' lang='lat' dir='ltr'>ventum</span> <span class='ocrx_word' id='word_1_189' title='bbox 1334 953 1425 984; x_wconf 88' lang='lat' dir='ltr'>roris.</span> 
     </span>
    </p>
   </div>
   <div class='ocr_carea' id='block_1_24' title="bbox 1107 1027 1313 1063">
    <p class='ocr_par' dir='ltr' id='par_1_38' title="bbox 1107 1027 1313 1063">
     <span class='ocr_line' id='line_1_64' title="bbox 1107 1027 1313 1063; baseline -0.015 -7"><span class='ocrx_word' id='word_1_190' title='bbox 1107 1027 1313 1063; x_wconf 84' lang='lat' dir='ltr'>Responsoria.</span> 
     </span>
    </p>
   </div>
   <div class='ocr_carea' id='block_1_25' title="bbox 939 1084 1197 1120">
    <p class='ocr_par' dir='ltr' id='par_1_39' title="bbox 939 1084 1197 1120">
     <span class='ocr_line' id='line_1_65' title="bbox 939 1084 1197 1120; baseline -0.019 0"><span class='ocrx_word' id='word_1_191' title='bbox 939 1112 946 1120; x_wconf 93' lang='lat'><strong><em>.</em></strong></span> <span class='ocrx_word' id='word_1_192' title='bbox 972 1085 1077 1117; x_wconf 89' lang='lat' dir='ltr'>Variis</span> <span class='ocrx_word' id='word_1_193' title='bbox 1107 1084 1197 1117; x_wconf 88' lang='lat' dir='ltr'>donis</span> 
     </span>
    </p>
   </div>
   <div class='ocr_carea' id='block_1_26' title="bbox 969 1130 1486 1264">
    <p class='ocr_par' dir='ltr' id='par_1_40' title="bbox 969 1130 1486 1264">
     <span class='ocr_line' id='line_1_66' title="bbox 971 1130 1322 1172; baseline -0.009 -8"><span class='ocrx_word' id='word_1_194' title='bbox 971 1133 1133 1172; x_wconf 89' lang='lat' dir='ltr'>Supernae</span> <span class='ocrx_word' id='word_1_195' title='bbox 1156 1130 1322 1162; x_wconf 82' lang='lat' dir='ltr'>infusionis</span> 
     </span>
     <span class='ocr_line' id='line_1_67' title="bbox 969 1178 1257 1210; baseline -0.007 0"><span class='ocrx_word' id='word_1_196' title='bbox 969 1180 1067 1210; x_wconf 89' lang='lat' dir='ltr'>Amor</span> <span class='ocrx_word' id='word_1_197' title='bbox 1091 1178 1257 1209; x_wconf 85' lang='lat' dir='ltr'>salvatoris</span> 
     </span>
     <span class='ocr_line' id='line_1_68' title="bbox 972 1222 1486 1264; baseline -0.004 -7"><span class='ocrx_word' id='word_1_198' title='bbox 972 1226 1096 1257; x_wconf 73' lang='lat' dir='ltr'>Ditavit,</span> <span class='ocrx_word' id='word_1_199' title='bbox 1118 1227 1254 1255; x_wconf 86' lang='lat' dir='ltr'>mentem</span> <span class='ocrx_word' id='word_1_200' title='bbox 1280 1222 1486 1264; x_wconf 79' lang='lat' dir='ltr'>confessoris3</span> 
     </span>
    </p>
   </div>
   <div class='ocr_carea' id='block_1_27' title="bbox 933 1271 1539 1310">
    <p class='ocr_par' dir='ltr' id='par_1_41' title="bbox 933 1271 1539 1310">
     <span class='ocr_line' id='line_1_69' title="bbox 933 1271 1539 1310; baseline -0.005 -5"><span class='ocrx_word' id='word_1_201' title='bbox 933 1298 940 1305; x_wconf 96' lang='lat'>.</span> <span class='ocrx_word' id='word_1_202' title='bbox 970 1272 1083 1304; x_wconf 72' lang='lat' dir='ltr'>Timor</span> <span class='ocrx_word' id='word_1_203' title='bbox 1114 1271 1254 1303; x_wconf 69' lang='lat' dir='ltr'>Domini</span> <span class='ocrx_word' id='word_1_204' title='bbox 1288 1274 1420 1303; x_wconf 70' lang='lat' dir='ltr'>sanctus</span> <span class='ocrx_word' id='word_1_205' title='bbox 1466 1279 1539 1310; x_wconf 74' lang='lat' dir='ltr'>per-</span> 
     </span>
    </p>
   </div>
   <div class='ocr_carea' id='block_1_28' title="bbox 971 1317 1524 1352">
    <p class='ocr_par' dir='ltr' id='par_1_42' title="bbox 971 1317 1524 1352">
     <span class='ocr_line' id='line_1_70' title="bbox 971 1317 1524 1352; baseline 0 -3"><span class='ocrx_word' id='word_1_206' title='bbox 971 1327 1107 1350; x_wconf 70' lang='lat' dir='ltr'>manens</span> <span class='ocrx_word' id='word_1_207' title='bbox 1138 1318 1176 1349; x_wconf 68' lang='lat' dir='ltr'>im</span> <span class='ocrx_word' id='word_1_208' title='bbox 1205 1317 1369 1349; x_wconf 72' lang='lat' dir='ltr'>saeculum</span> <span class='ocrx_word' id='word_1_209' title='bbox 1392 1317 1524 1352; x_wconf 73' lang='lat' dir='ltr'>saeculi.</span> 
     </span>
    </p>
   </div>
   <div class='ocr_carea' id='block_1_29' title="bbox 939 1374 1341 1407">
    <p class='ocr_par' dir='ltr' id='par_1_43' title="bbox 939 1374 1341 1407">
     <span class='ocr_line' id='line_1_71' title="bbox 939 1374 1341 1407; baseline -0.007 0"><span class='ocrx_word' id='word_1_210' title='bbox 939 1401 946 1407; x_wconf 88' lang='lat'><em>.</em></span> <span class='ocrx_word' id='word_1_211' title='bbox 972 1374 1130 1406; x_wconf 85' lang='lat' dir='ltr'>Laborum</span> <span class='ocrx_word' id='word_1_212' title='bbox 1149 1374 1229 1405; x_wconf 88' lang='lat' dir='ltr'>dura</span> <span class='ocrx_word' id='word_1_213' title='bbox 1244 1374 1341 1405; x_wconf 87' lang='lat' dir='ltr'>series</span> 
     </span>
    </p>
   </div>
   <div class='ocr_carea' id='block_1_30' title="bbox 974 1419 1462 1553">
    <p class='ocr_par' dir='ltr' id='par_1_44' title="bbox 974 1419 1462 1553">
     <span class='ocr_line' id='line_1_72' title="bbox 975 1419 1355 1459; baseline -0.005 -6"><span class='ocrx_word' id='word_1_214' title='bbox 975 1421 1114 1453; x_wconf 85' lang='lat' dir='ltr'>Coronae</span> <span class='ocrx_word' id='word_1_215' title='bbox 1137 1419 1175 1451; x_wconf 86' lang='lat' dir='ltr'>fit</span> <span class='ocrx_word' id='word_1_216' title='bbox 1197 1421 1355 1459; x_wconf 87' lang='lat' dir='ltr'>materies,</span> 
     </span>
     <span class='ocr_line' id='line_1_73' title="bbox 975 1467 1462 1509; baseline -0.002 -9"><span class='ocrx_word' id='word_1_217' title='bbox 975 1467 1153 1506; x_wconf 84' lang='lat' dir='ltr'>odulphum</span> <span class='ocrx_word' id='word_1_218' title='bbox 1177 1467 1264 1498; x_wconf 90' lang='lat' dir='ltr'>Deus</span> <span class='ocrx_word' id='word_1_219' title='bbox 1291 1468 1462 1509; x_wconf 79' lang='lat' dir='ltr'>coronavit,</span> 
     </span>
     <span class='ocr_line' id='line_1_74' title="bbox 974 1513 1386 1553; baseline 0.002 -8"><span class='ocrx_word' id='word_1_220' title='bbox 974 1514 1056 1545; x_wconf 85' lang='lat' dir='ltr'>Nam</span> <span class='ocrx_word' id='word_1_221' title='bbox 1080 1513 1219 1553; x_wconf 83' lang='lat' dir='ltr'>legitime</span> <span class='ocrx_word' id='word_1_222' title='bbox 1245 1515 1386 1546; x_wconf 86' lang='lat' dir='ltr'>certavit.</span> 
     </span>
    </p>
   </div>
   <div class='ocr_carea' id='block_1_31' title="bbox 935 1560 1527 1593">
    <p class='ocr_par' dir='ltr' id='par_1_45' title="bbox 935 1560 1527 1593">
     <span class='ocr_line' id='line_1_75' title="bbox 935 1560 1527 1593; baseline 0.002 -1"><span class='ocrx_word' id='word_1_223' title='bbox 935 1584 941 1592; x_wconf 89' lang='lat'><em>.</em></span> <span class='ocrx_word' id='word_1_224' title='bbox 973 1560 1137 1592; x_wconf 74' lang='lat' dir='ltr'>Iudicabit</span> <span class='ocrx_word' id='word_1_225' title='bbox 1160 1560 1309 1592; x_wconf 71' lang='lat' dir='ltr'>nationes</span> <span class='ocrx_word' id='word_1_226' title='bbox 1335 1564 1363 1593; x_wconf 74' lang='lat' dir='ltr'>et</span> <span class='ocrx_word' id='word_1_227' title='bbox 1380 1562 1527 1593; x_wconf 63' lang='lat' dir='ltr'>domim(-</span> 
     </span>
    </p>
   </div>
   <div class='ocr_carea' id='block_1_32' title="bbox 974 1606 1218 1646">
    <p class='ocr_par' dir='ltr' id='par_1_46' title="bbox 974 1606 1218 1646">
     <span class='ocr_line' id='line_1_76' title="bbox 974 1606 1218 1646; baseline -0.004 -8"><span class='ocrx_word' id='word_1_228' title='bbox 974 1607 1060 1638; x_wconf 74' lang='lat' dir='ltr'>bz&#39;tur</span> <span class='ocrx_word' id='word_1_229' title='bbox 1077 1606 1218 1646; x_wconf 69' lang='lat' dir='ltr'>populis.</span> 
     </span>
    </p>
   </div>
   <div class='ocr_carea' id='block_1_33' title="bbox 944 1663 1490 1702">
    <p class='ocr_par' dir='ltr' id='par_1_47' title="bbox 944 1663 1490 1702">
     <span class='ocr_line' id='line_1_77' title="bbox 944 1663 1490 1702; baseline -0.004 -6"><span class='ocrx_word' id='word_1_230' title='bbox 944 1689 951 1696; x_wconf 94' lang='lat'><strong>.</strong></span> <span class='ocrx_word' id='word_1_231' title='bbox 978 1663 1002 1695; x_wconf 95' lang='lat' dir='ltr'>O</span> <span class='ocrx_word' id='word_1_232' title='bbox 1027 1665 1171 1701; x_wconf 81' lang='lat' dir='ltr'>patrone,</span> <span class='ocrx_word' id='word_1_233' title='bbox 1199 1663 1356 1702; x_wconf 73' lang='lat' dir='ltr'>Odulphe,</span> <span class='ocrx_word' id='word_1_234' title='bbox 1384 1663 1490 1694; x_wconf 71' lang='lat' dir='ltr'>obtine</span> 
     </span>
    </p>
   </div>
   <div class='ocr_carea' id='block_1_34' title="bbox 977 1709 1528 1889">
    <p class='ocr_par' dir='ltr' id='par_1_48' title="bbox 978 1709 1525 1749">
     <span class='ocr_line' id='line_1_78' title="bbox 978 1709 1525 1749; baseline 0.002 -9"><span class='ocrx_word' id='word_1_235' title='bbox 978 1709 1044 1740; x_wconf 83' lang='lat' dir='ltr'>Nos</span> <span class='ocrx_word' id='word_1_236' title='bbox 1056 1709 1125 1740; x_wconf 88' lang='lat' dir='ltr'>Deo</span> <span class='ocrx_word' id='word_1_237' title='bbox 1144 1712 1175 1740; x_wconf 87' lang='lat' dir='ltr'>et</span> <span class='ocrx_word' id='word_1_238' title='bbox 1186 1709 1246 1740; x_wconf 84' lang='lat' dir='ltr'>tibi</span> <span class='ocrx_word' id='word_1_239' title='bbox 1261 1710 1354 1749; x_wconf 83' lang='lat' dir='ltr'>digne</span> <span class='ocrx_word' id='word_1_240' title='bbox 1367 1709 1525 1749; x_wconf 79' lang='lat' dir='ltr'>famulari,</span> 
     </span>
    </p>

    <p class='ocr_par' dir='ltr' id='par_1_49' title="bbox 978 1756 1349 1844">
     <span class='ocr_line' id='line_1_79' title="bbox 978 1756 1349 1795; baseline 0 -8"><span class='ocrx_word' id='word_1_241' title='bbox 978 1756 1024 1788; x_wconf 89' lang='lat' dir='ltr'>Ut</span> <span class='ocrx_word' id='word_1_242' title='bbox 1038 1756 1128 1795; x_wconf 86' lang='lat' dir='ltr'>Euge</span> <span class='ocrx_word' id='word_1_243' title='bbox 1153 1756 1349 1787; x_wconf 86' lang='lat' dir='ltr'>dominicum-</span> 
     </span>
     <span class='ocr_line' id='line_1_80' title="bbox 1022 1811 1266 1844; baseline -0.004 -9"><span class='ocrx_word' id='word_1_244' title='bbox 1022 1811 1266 1844; x_wconf 85' lang='lat' dir='ltr'>promereamur,</span> 
     </span>
    </p>

    <p class='ocr_par' dir='ltr' id='par_1_50' title="bbox 977 1849 1528 1889">
     <span class='ocr_line' id='line_1_81' title="bbox 977 1849 1528 1889; baseline 0.004 -9"><span class='ocrx_word' id='word_1_245' title='bbox 977 1849 1159 1889; x_wconf 75' lang='lat' dir='ltr'>Quicunque</span> <span class='ocrx_word' id='word_1_246' title='bbox 1170 1853 1224 1881; x_wconf 87' lang='lat' dir='ltr'>tua</span> <span class='ocrx_word' id='word_1_247' title='bbox 1240 1849 1324 1881; x_wconf 86' lang='lat' dir='ltr'>festa</span> <span class='ocrx_word' id='word_1_248' title='bbox 1332 1859 1528 1882; x_wconf 85' lang='lat' dir='ltr'>veneramur.</span> 
     </span>
    </p>
   </div>
   <div class='ocr_carea' id='block_1_35' title="bbox 940 1896 1530 1929">
    <p class='ocr_par' dir='ltr' id='par_1_51' title="bbox 940 1896 1530 1929">
     <span class='ocr_line' id='line_1_82' title="bbox 940 1896 1530 1929; baseline -0.002 0"><span class='ocrx_word' id='word_1_249' title='bbox 940 1923 945 1929; x_wconf 94' lang='lat'>.</span> <span class='ocrx_word' id='word_1_250' title='bbox 977 1896 1051 1928; x_wconf 86' lang='lat' dir='ltr'>Cum</span> <span class='ocrx_word' id='word_1_251' title='bbox 1069 1896 1221 1927; x_wconf 91' lang='lat' dir='ltr'>Dominus</span> <span class='ocrx_word' id='word_1_252' title='bbox 1237 1897 1361 1928; x_wconf 88' lang='lat' dir='ltr'>venerit</span> <span class='ocrx_word' id='word_1_253' title='bbox 1377 1897 1530 1928; x_wconf 86' lang='lat' dir='ltr'>rationem</span> 
     </span>
    </p>
   </div>
   <div class='ocr_carea' id='block_1_36' title="bbox 978 1944 1527 2028">
    <p class='ocr_par' dir='ltr' id='par_1_52' title="bbox 978 1944 1527 2028">
     <span class='ocr_line' id='line_1_83' title="bbox 1023 1944 1367 1983; baseline 0 -9"><span class='ocrx_word' id='word_1_254' title='bbox 1023 1951 1142 1981; x_wconf 87' lang='lat' dir='ltr'>ponere</span> <span class='ocrx_word' id='word_1_255' title='bbox 1167 1951 1236 1976; x_wconf 87' lang='lat' dir='ltr'>cum</span> <span class='ocrx_word' id='word_1_256' title='bbox 1256 1944 1367 1983; x_wconf 85' lang='lat' dir='ltr'>servis,</span> 
     </span>
     <span class='ocr_line' id='line_1_84' title="bbox 978 1989 1527 2028; baseline 0.005 -9"><span class='ocrx_word' id='word_1_257' title='bbox 978 1989 1065 2028; x_wconf 89' lang='lat' dir='ltr'>Tuis,</span> <span class='ocrx_word' id='word_1_258' title='bbox 1091 1991 1191 2028; x_wconf 85' lang='lat' dir='ltr'>pater,</span> <span class='ocrx_word' id='word_1_259' title='bbox 1214 1998 1363 2020; x_wconf 85' lang='lat' dir='ltr'>succurre</span> <span class='ocrx_word' id='word_1_260' title='bbox 1381 1991 1527 2022; x_wconf 84' lang='lat' dir='ltr'>catervis.</span> 
     </span>
    </p>
   </div>
   <div class='ocr_carea' id='block_1_37' title="bbox 1067 2119 1371 2230">
    <p class='ocr_par' dir='ltr' id='par_1_53' title="bbox 1067 2119 1371 2230">
     <span class='ocr_line' id='line_1_85' title="bbox 1067 2119 1371 2154; baseline 0.01 -4"><span class='ocrx_word' id='word_1_261' title='bbox 1067 2120 1114 2151; x_wconf 84' lang='lat'>111</span> <span class='ocrx_word' id='word_1_262' title='bbox 1141 2119 1371 2154; x_wconf 72' lang='lat' dir='ltr'>Laudibus</span> 
     </span>
     <span class='ocr_line' id='line_1_86' title="bbox 1123 2193 1317 2230; baseline 0.005 -10"><span class='ocrx_word' id='word_1_263' title='bbox 1123 2193 1317 2230; x_wconf 79' lang='lat' dir='ltr'>Antiphonae.</span> 
     </span>
    </p>
   </div>
   <div class='ocr_carea' id='block_1_38' title="bbox 947 2250 1352 2283">
    <p class='ocr_par' dir='ltr' id='par_1_54' title="bbox 947 2250 1352 2283">
     <span class='ocr_line' id='line_1_87' title="bbox 947 2250 1352 2283; baseline 0.002 -1"><span class='ocrx_word' id='word_1_264' title='bbox 947 2275 954 2282; x_wconf 93' lang='lat'><strong><em>.</em></strong></span> <span class='ocrx_word' id='word_1_265' title='bbox 980 2250 1172 2282; x_wconf 83' lang='lat' dir='ltr'>Recessurus</span> <span class='ocrx_word' id='word_1_266' title='bbox 1196 2260 1216 2282; x_wconf 82' lang='lat' dir='ltr'>a</span> <span class='ocrx_word' id='word_1_267' title='bbox 1238 2251 1352 2283; x_wconf 87' lang='lat' dir='ltr'>Fresia</span> 
     </span>
    </p>
   </div>
   <div class='ocr_carea' id='block_1_39' title="bbox 980 2297 1349 2389">
    <p class='ocr_par' dir='ltr' id='par_1_55' title="bbox 980 2297 1349 2389">
     <span class='ocr_line' id='line_1_88' title="bbox 981 2297 1349 2331; baseline 0.008 -4"><span class='ocrx_word' id='word_1_268' title='bbox 981 2297 1077 2328; x_wconf 92' lang='lat' dir='ltr'>Verbi</span> <span class='ocrx_word' id='word_1_269' title='bbox 1101 2301 1187 2330; x_wconf 84' lang='lat' dir='ltr'>sator</span> <span class='ocrx_word' id='word_1_270' title='bbox 1210 2298 1349 2331; x_wconf 78' lang='lat' dir='ltr'>inculcat</span> 
     </span>
     <span class='ocr_line' id='line_1_89' title="bbox 980 2344 1335 2389; baseline 0.006 -14"><span class='ocrx_word' id='word_1_271' title='bbox 980 2344 1069 2375; x_wconf 85' lang='lat' dir='ltr'>Plebi</span> <span class='ocrx_word' id='word_1_272' title='bbox 1095 2345 1225 2376; x_wconf 81' lang='lat' dir='ltr'>verbum</span> <span class='ocrx_word' id='word_1_273' title='bbox 1249 2345 1335 2389; x_wconf 88' lang='lat' dir='ltr'>fidei,</span> 
     </span>
    </p>
   </div>
   <div class='ocr_carea' id='block_1_40' title="bbox 1120 2392 1450 2428">
    <p class='ocr_par' dir='ltr' id='par_1_56' title="bbox 1120 2392 1450 2428">
     <span class='ocr_line' id='line_1_90' title="bbox 1120 2392 1450 2428; baseline 0.012 -5"><span class='ocrx_word' id='word_1_274' title='bbox 1120 2392 1353 2426; x_wconf 81' lang='lat' dir='ltr'>immaculatam</span> <span class='ocrx_word' id='word_1_275' title='bbox 1378 2394 1450 2428; x_wconf 91' lang='lat' dir='ltr'>Dei.</span> 
     </span>
    </p>
   </div>
   <div class='ocr_carea' id='block_1_41' title="bbox 1007 2446 1165 2534">
    <p class='ocr_par' dir='ltr' id='par_1_57' title="bbox 1007 2446 1165 2534">
     <span class='ocr_line' id='line_1_91' title="bbox 1007 2446 1165 2534; baseline 0 -55"><span class='ocrx_word' id='word_1_276' title='bbox 1007 2446 1042 2479; x_wconf 95' lang='lat' dir='ltr'> </span> <span class='ocrx_word' id='word_1_277' title='bbox 1115 2446 1165 2534; x_wconf 95' lang='lat' dir='ltr'>  </span> 
     </span>
    </p>
   </div>
   <div class='ocr_carea' id='block_1_42' title="bbox 1042 2444 1115 2510">
    <p class='ocr_par' dir='ltr' id='par_1_58' title="bbox 1042 2444 1115 2510">
     <span class='ocr_line' id='line_1_92' title="bbox 1042 2444 1115 2510; baseline 0.027 -24"><span class='ocrx_word' id='word_1_278' title='bbox 1042 2444 1115 2510; x_wconf 54' lang='lat'>‚449</span> 
     </span>
    </p>
   </div>
  </div>
 </body>
</html>
