1655 2534
671 110 930 145 —209—

970 207 1018 239 In
1044 209 1075 239 2.
1101 206 1208 245 Vesp
1220 207 1316 240 eris.

1020 281 1065 308 Ad
1084 279 1263 315 Mag-nificat.

831 339 872 372 A.
902 337 1140 379 Magnificemus
1165 337 1269 378 hodie,

904 386 1124 418 collaudemus
1149 384 1266 416 cotidie

902 433 1007 465 Unum
1020 432 1147 473 trinum,
1162 440 1315 463 summum
1325 433 1450 474 bonum,

903 479 1011 511 Sancti
1036 478 1226 510 Theoderici
1253 479 1378 519 donum,

903 527 966 558 Per
979 526 1064 565 quod
1076 527 1203 556 sanctus
1221 528 1270 557 est
1285 524 1448 567 formatus,

900 574 939 605 In
966 573 1051 604 caelo
1078 572 1296 613 canonizatus;

901 619 966 652 Uni
989 620 1072 651 trino
1098 619 1323 658 supplicamus,

899 666 945 698 Ut
970 675 1039 698 cum
1064 665 1124 698 hoc
1148 669 1256 697 sancto
1281 667 1434 707 vivamus,

899 714 937 745 In
960 713 1052 744 huius
1079 713 1153 744 doni
1177 714 1291 753 gaudio

901 760 978 792 Cum
1004 762 1185 791 sanctorum
1206 761 1367 800 tripudi03

901 806 986 838 Laus
1011 807 1067 838 uni
1091 806 1174 837 trino
1197 806 1343 840 Domino.

162 203 195 235 4.
220 203 399 236 Benedicta
418 203 605 235 decantatur

220 250 324 282 Huius
345 252 414 283 laus
441 252 472 281 et
497 250 697 290 hymnizatur

268 298 400 330 Devotis
424 297 458 328 in
483 297 631 331 Francia.

168 384 197 414 5.
223 381 369 414 Laudate
393 381 494 413 Deum
521 382 680 414 caelorum

224 428 268 460 Et
291 429 410 461 intrate
434 429 539 460 laudis
567 429 695 461 chorum

269 475 335 507 Vos
363 477 403 508 de
426 476 533 516 lingua
559 476 719 510 Occitana.

334 578 380 606 Ad
398 578 582 606 Benedictus.

151 666 191 696 A.
226 665 419 696 Benedictus
445 666 494 695 est
518 665 619 696 Israel

222 712 258 743 In
284 712 346 743 hoc
370 719 489 743 summo
514 711 668 751 Beseleel‚

222 758 280 797 Qui
306 766 442 798 praepes
470 759 518 788 est
540 760 576 788 ut
599 759 700 790 Azael

265 806 319 837 Ad
347 805 513 836 caelestem
537 805 722 838 Ierusalem.

223 870 307 897 Brev.
333 870 484 896 Misnense
507 869 578 903 imp.
603 877 626 895 s.
652 868 673 895 1.
701 867 784 897 1483.
814 870 849 896 A.
879 884 912 888 -
930 870 1038 897 Viatie.
1059 869 1219 897 Misnensis
1238 872 1309 907 imp.
1327 872 1451 908 Lipsiae

150 905 232 934 1502.
253 907 287 934 B.
306 921 345 925 ——
365 907 467 934 Dium.
488 906 638 933 Misnense
657 907 725 942 imp.
744 907 865 942 Lipsiae
891 905 971 934 1511.
993 907 1024 935 G.
1045 921 1083 926 —-
1103 907 1143 934 In
1166 906 1190 934 1.
1210 909 1320 944 Vesp.
1342 907 1365 935 Α
1384 908 1411 943 4,
1434 909 1449 937 1

149 946 214 972 Situ
234 944 291 971 Dei
310 945 349 976 A,
369 944 441 972 Ritu
459 944 516 971 Dei
537 944 576 979 13;
598 944 648 970 der
666 944 760 971 Name
779 945 829 971 des
851 945 989 981 Heiligen
1013 946 1054 971 ist
1083 945 1114 970 in
1141 944 1198 971 den
1220 946 1359 973 Meissner
1380 945 1449 975 Bre-

147 983 249 1009 vieren
281 985 352 1009 stets
382 981 580 1009 Theodericus
612 979 809 1017 geschrieben.
857 982 997 1010 Derselbe
1030 984 1071 1009 ist
1102 982 1185 1009 indes
1218 983 1293 1010 nach
1319 985 1450 1012 Ausweis

149 1020 199 1047 des
223 1020 404 1047 Versmasses
424 1019 485 1051 (cfr.
507 1019 564 1046 alle
585 1016 638 1045 VV.
660 1019 710 1046 der
734 1018 758 1046 1.
779 1020 838 1046 und
853 1017 879 1046 2.
890 1019 985 1055 Noet.)
1006 1020 1054 1053 oft,
1076 1020 1165 1047 meist
1183 1028 1277 1056 sogar,
1297 1022 1451 1058 viersilbig

149 1066 186 1084 zu
209 1057 347 1092 nehmen3
373 1059 405 1084 in
428 1056 523 1083 dieser
547 1056 687 1083 Hinsicht
714 1058 754 1084 ist
777 1058 1013 1091 beachtenswert,
1045 1057 1108 1084 dass
1136 1057 1162 1083 A
1189 1059 1296 1085 einmal
1321 1057 1353 1093 (R
1374 1057 1400 1091 2,
1423 1058 1451 1094 6)

147 1095 360 1122 Thiderice
385 1092 540 1129 (Dietrich)
560 1094 695 1121 schreibt.
721 1110 734 1113 e
780 1093 809 1128 R,
830 1093 846 1122 9
866 1095 934 1122 dum
958 1104 989 1122 se
1008 1095 1041 1122 B.
1060 1109 1100 1114 -—
1116 1094 1156 1121 In
1172 1093 1195 1121 1.
1217 1096 1319 1123 Noet.
1343 1097 1363 1122 Α
1386 1095 1411 1129 2,
1432 1095 1450 1125 3

149 1135 359 1159 accusaverunt
383 1132 441 1159 AB.
469 1147 507 1151 —
534 1130 557 1158 Α
584 1129 610 1166 2,
639 1129 655 1158 6
681 1132 944 1160 condemnaverunt
969 1133 1028 1160 AB.
1062 1148 1095 1153 -—
1122 1131 1144 1158 Α
1171 1129 1197 1165 3,
1227 1131 1242 1160 1
1263 1134 1451 1170 multiplicati

147 1171 182 1197 A.
212 1184 246 1188 —
272 1170 312 1197 In
337 1168 363 1196 2.
390 1169 490 1197 Noct.
518 1168 540 1195 Α
568 1167 594 1203 2,
622 1167 636 1196 1
664 1171 793 1205 concipit
817 1171 848 1197 B.
873 1185 911 1189 ——
938 1168 957 1195 R
983 1168 1008 1204 2,
1030 1168 1047 1197 6
1068 1178 1084 1197 ο
1104 1170 1258 1198 Thideriee
1277 1171 1311 1198 A.
1331 1187 1369 1191 —
1388 1174 1449 1200 Das

148 1207 282 1236 Officium
302 1209 421 1235 stammt
439 1207 567 1234 offenbar
590 1215 643 1234 aus
663 1206 741 1235 Uzes
760 1206 828 1243 (vgl.
848 1210 879 1235 in
902 1206 926 1235 1.
950 1209 1037 1243 Vesp.
1059 1205 1081 1233 Α
1103 1204 1129 1240 3,
1151 1205 1182 1243 33
1208 1209 1240 1235 in
1264 1209 1358 1237 Laud.
1379 1209 1400 1235 Α
1423 1208 1448 1244 2,

148 1243 166 1273 3
191 1245 250 1272 und
277 1246 302 1273 A
328 1243 354 1279 4,
378 1243 405 1279 3,
432 1246 522 1272 sowie
548 1244 566 1270 Α
595 1244 620 1278 5,
640 1242 657 1272 3
676 1243 793 1280 (lang-ue
813 1244 902 1280 d‘oc);
923 1247 971 1273 ein
989 1246 1108 1273 Brevier
1130 1254 1189 1273 von
1211 1245 1288 1273 Uzes
1308 1248 1349 1274 ist
1369 1248 1451 1275 nicht

146 1283 228 1310 mehr
257 1283 395 1310 bekannt.
439 1282 511 1309 Zum
536 1282 668 1310 Officium
692 1283 796 1318 gehdrt
824 1283 873 1311 der
902 1284 1037 1319 Hymnus
1070 1283 1179 1310 Beatus
1210 1286 1311 1311 auctor
1340 1287 1450 1313 saeculi

145 1320 242 1354 (Ana1.
265 1321 333 1354 ΧΠ,
354 1318 428 1354 236).

585 1413 628 1443 77.
659 1412 701 1443 De
722 1413 828 1443 sancto
848 1412 1013 1444 Theodoro.

284 1484 331 1516 In
358 1483 389 1515 1.
416 1482 630 1521 Vesperis.

330 1566 422 1601 Super
440 1565 584 1593 Psalmos.

146 1633 187 1666 A.
219 1634 374 1674 Laudate,
402 1642 420 1664 ο
444 1633 546 1674 pueri,

263 1681 367 1713 Deum
387 1681 577 1722 resonando,

219 1727 365 1760 Colentes
390 1727 551 1759 Theodori

262 1775 361 1807 Festa
385 1774 559 1807 iubilando.

145 1840 184 1872 R.
216 1841 240 1873 Ο
267 1841 445 1882 Theodore‚
473 1840 605 1881 insignis

214 1888 352 1931 Martyr‚
380 1888 472 1921 nobis
496 1897 555 1927 pro
580 1888 718 1928 indignis

214 1937 391 1976 Interpella
415 1944 523 1976 regum
553 1944 669 1975 regem⁷

213 1983 280 2015 Nos
305 1982 442 2016 fovendo
468 1986 556 2014 tuum
581 1992 717 2024 gregem,

172 2056 179 2063 .
213 2032 351 2063 Poscens
376 2033 490 2063 cuncta
513 2031 606 2071 bona,
633 2031 724 2073 bone,

214 2078 285 2110 Stes
310 2088 368 2118 pro
395 2078 498 2120 nobis,
519 2087 537 2111 o
563 2081 707 2119 patrone.

329 2163 375 2191 Ad
394 2162 574 2198 Magnificat.

140 2231 180 2263 A.
212 2230 399 2271 magnificat
423 2230 477 2262 hie
492 2230 664 2262 Dominum

216 2277 359 2319 Sanctus,
387 2278 537 2310 cordibus
562 2278 721 2310 hominum

217 2325 275 2356 Dei
299 2324 561 2367 magnificentiam

215 2373 383 2408 Inculcans
409 2375 441 2404 et
464 2373 648 2412 potentiam.

201 2431 329 2460 Dreveffi
344 2430 467 2456 Historiae
481 2431 637 2461 rhythmicam.
665 2432 718 2456 VH.

963 1483 1025 1515 Ad
1050 1482 1318 1516 Matutinum.

1032 1567 1247 1594 Invitatorium.

899 1634 975 1666 Cum
1000 1634 1179 1674 Theodoro,
1205 1635 1321 1675 venite,

896 1682 1068 1714 Iubilemus
1093 1681 1163 1713 Deo
1188 1682 1260 1714 rite.

951 1786 1000 1818 In
1026 1787 1057 1820 1.
1083 1785 1319 1818 Nocturno.

1034 1860 1231 1896 Antiphonae.

835 1930 866 1961 1.
892 1929 1008 1961 Beatus
1034 1929 1084 1960 vir
1106 1928 1160 1959 hic
1183 1928 1312 1959 Domini

941 1977 1058 2016 Legem
1084 1975 1298 2013 scrutabatur,

894 2024 993 2056 Manu
1020 2024 1087 2055 Deo
1113 2031 1177 2054 non
1199 2022 1319 2054 homini

941 2072 1073 2103 Placere
1099 2069 1283 2102 conabatur.

839 2130 870 2162 2.
898 2128 1002 2166 Quare
1028 2125 1277 2159 nefandissimae

943 2174 1060 2207 Gentes
1086 2172 1293 2214 fremuerunt,

893 2223 979 2255 Dum
1001 2223 1087 2254 hunc
1111 2221 1308 2261 iniquissime

943 2271 1092 2303 Sanctum
1118 2269 1343 2309 perimerunt?

835 2330 865 2362 3.
892 2327 1038 2368 Domine,
1063 2329 1098 2358 tu
1119 2325 1230 2366 gloria,

941 2375 990 2408 Tu
1014 2377 1180 2414 susceptor
1204 2373 1297 2406 fortis
