1655 2534
147 329 179 361 1.

143 1358 162 1389 6

143 1638 161 1670 1

131 1920 169 1955 V.

648 102 902 137 ..73-

258 199 304 230 In
331 200 362 231 2.
388 196 614 231 Nocturno.

345 271 539 306 Antiphonae.

206 330 299 361 Hunc
326 329 487 362 Candaces
512 329 687 361 admiratus

248 375 381 408 Virtutis
405 375 523 407 indicio

203 422 256 454 Ad
279 421 437 455 Matthaei
460 422 560 461 pedes
584 425 701 454 stratus

249 469 376 509 Colligit
399 468 544 509 hospitio.

203 533 306 566 Verba
334 535 417 567 vitae
437 534 579 566 sitientes

252 581 305 613 Ad
331 582 414 613 hunc
434 582 526 613 multi
552 580 711 613 confluunt

204 629 310 667 Atque
334 628 494 661 Christum
518 628 701 660 confitentes

251 675 359 707 Ritum
384 676 486 715 gentis
511 676 677 714 despuunt.

201 740 271 771 Hos
295 739 478 772 Matthaeus
503 740 701 772 catechizans

251 785 372 817 Christi
394 785 460 817 fide
483 786 605 826 imbuit,

201 833 378 864 Instructos
405 841 528 873 quoque
551 832 717 872 baptizans

246 879 277 910 A
301 880 441 919 peccatis
467 878 577 913 abluit.

167 969 175 977 .
201 944 292 976 Haec
319 944 476 977 Candacis
503 944 575 976 dum
601 944 720 977 fiebant

243 991 336 1023 Intra
360 991 564 1031 domicilium,

196 1038 259 1079 En,
280 1036 462 1070 defunctum
476 1039 529 1078 qui
543 1039 747 1082 plangebant,

245 1085 341 1117 Multi
367 1086 451 1125 regis
480 1085 579 1117 filium

203 1150 295 1182 Circa
320 1148 413 1181 funus
438 1150 522 1189 magi
547 1152 666 1182 stantes

250 1197 349 1237 Regis
375 1205 414 1228 ex
439 1196 573 1237 imperio

204 1243 343 1275 Frustra
365 1252 473 1276 manes
496 1244 680 1276 invocantes

249 1291 359 1331 Agunt
385 1290 576 1330 magisterio.

201 1356 266 1389 Sed
291 1356 450 1396 complere
473 1365 535 1388 non
563 1358 702 1390 valentes

250 1402 401 1443 Coeptum
426 1403 625 1444 sacrilegium

205 1449 341 1489 Raptum
367 1449 504 1482 suadent
526 1451 703 1483 nescientes

249 1497 278 1529 A
306 1496 367 1529 diis
391 1497 425 1528 in
452 1497 628 1538 collegium.

339 1581 547 1616 Responsoria.

200 1637 381 1670 Maiestatis
404 1639 511 1670 laesae
535 1638 582 1671 rei

250 1684 301 1717 De
325 1694 414 1717 more
437 1684 599 1718 fallacium

206 1731 326 1764 Fausta
351 1733 511 1773 spondent
535 1733 637 1766 falsae
660 1735 728 1775 spei

252 1778 416 1811 Donantes
441 1780 598 1823 solatium,

201 1826 249 1859 Ut
272 1826 375 1866 imago
399 1826 456 1859 fiat
480 1829 519 1867 ei,

249 1873 416 1913 Mandant,
443 1877 475 1906 et
498 1875 660 1916 palatium.

199 1920 289 1953 Haec
314 1920 451 1954 Candaei
477 1925 554 1955 nutu
579 1922 639 1955 Dei

250 1969 368 2001 Salutis
395 1970 559 2002 consilium

200 2016 289 2048 Dant
315 2017 454 2057 reginae,
481 2020 516 2049 ut
540 2019 697 2051 Matthaei

250 2063 383 2096 Petatur
404 2065 566 2099 auxilium⁴

144 2122 176 2154 2.
205 2120 413 2153 Destinantur
438 2123 585 2155 honorati

249 2168 327 2201 Mox
352 2178 373 2201 a
397 2169 481 2210 regis
505 2171 608 2203 latere

201 2215 402 2249 Postulantcs
427 2217 487 2249 hoc
509 2219 616 2258 legati,

246 2262 293 2296 Ut
315 2263 500 2297 Matthaeus
525 2274 663 2305 propere

200 2310 324 2343 Tantae
347 2311 426 2343 velit
453 2312 585 2345 orbitati

252 2358 432 2391 Clementer
455 2368 650 2402 succurrere,

805 199 844 230 V.

818 396 849 427 3.

805 673 847 709 V.

820 872 853 903 4.

874 197 1019 229 Summae
1039 202 1149 234 preces
1171 193 1327 225 maiestati

921 243 1077 283 Dignatur
1102 240 1261 272 effundere

877 291 926 322 Ac
952 287 1092 321 defuncti
1115 296 1228 327 corpus
1253 287 1319 318 nati

924 337 1016 368 Vitae
1040 334 1216 367 restituere.

876 392 1022 425 Venienti
1049 399 1118 422 cum
1140 391 1253 429 legatis

920 439 1084 472 Matthaeo
1109 437 1266 478 regalibus

874 487 1085 528 Euphemissa
1108 483 1265 517 festinatis

922 534 1055 566 Obcurit
1077 531 1259 569 incessibus,

877 582 964 613 Dans
988 583 1149 612 maternae
1172 577 1299 618 pietatis

921 628 1048 660 Fletum
1071 634 1139 657 cum
1163 624 1345 665 gemitibus:

876 675 1000 714 Vivum,
1026 675 1081 713 ait,
1104 672 1253 705 desolatis

921 722 1039 754 Natum
1063 720 1164 752 redde
1186 718 1344 759 precibus,

876 769 922 801 Ut
945 776 1120 799 sermonem
1143 765 1287 798 veritatis

924 814 1098 848 confirmes
1124 812 1280 852 operibus.

879 871 918 902 In
944 870 1100 902 excelsum
1124 869 1258 900 tendens
1281 874 1393 898 manus

923 916 1104 949 Matthaeus
1131 924 1200 946 curn
1225 914 1358 946 lumine:

881 963 991 1001 Cedat,
1018 963 1128 1004 inquit,
1156 970 1244 993 error
1269 969 1360 991 vanus

919 1010 971 1043 Ab
997 1009 1046 1041 his
1070 1018 1128 1048 per
1151 1012 1189 1041 tev
1217 1007 1361 1039 Domine.

875 1058 1094 1097 Resurgatque
1117 1064 1196 1096 puer
1220 1063 1325 1086 sanus,

920 1103 1000 1136 Mox
1022 1103 1056 1135 in
1081 1102 1199 1134 Christi
1223 1101 1348 1133 nomine

872 1151 1040 1184 Excitatus
1065 1159 1084 1180 a
1109 1148 1265 1181 defunctis

925 1197 1098 1236 Resumpto
1123 1196 1295 1235 spiramine

880 1244 989 1284 Surgit
1011 1252 1091 1283 puer
1116 1251 1221 1275 coram
1246 1241 1368 1273 cunctis

928 1290 1076 1324 Crucifixi
1100 1290 1237 1321 numine.

936 1376 983 1409 In
1009 1377 1041 1408 3.
1066 1374 1299 1407 Nocturno.

1021 1430 1066 1457 Ad
1087 1430 1219 1458 Cant-ica.

882 1479 953 1511 Hoc
978 1477 1107 1510 confuso
1132 1478 1221 1518 signo
1245 1478 1329 1518 magi

930 1525 1070 1566 Fugiunt
1092 1525 1125 1557 in
1149 1526 1314 1557 Persidam

878 1573 924 1606 Et
948 1573 1064 1604 erroris
1088 1572 1201 1604 umbra
1225 1573 1297 1612 vagi

927 1620 1062 1653 Gentem
1084 1621 1216 1652 caecant
1238 1619 1404 1659 pertidum.

1018 1685 1225 1720 Responsoria.

849 1760 856 1766 .
884 1734 1020 1773 Stupens
1045 1734 1127 1772 signi
1150 1733 1294 1765 novitate

928 1781 1023 1821 Regis
1049 1789 1103 1813 cor
1128 1781 1272 1812 extimuit

878 1828 923 1862 Et
946 1828 1046 1868 regali
1072 1827 1226 1868 dignitate

930 1875 1153 1909 Coronandum
1178 1874 1291 1907 statuit

882 1923 932 1956 Ac
958 1923 1055 1955 divali
1079 1923 1199 1963 pietate

928 1971 1022 2003 Hunc
1047 1970 1211 2002 colendum
1236 1970 1366 2006 monuit,

880 2018 930 2052 Ab
955 2017 1016 2049 hac
1040 2017 1167 2057 plebem
1194 2016 1344 2048 caecitate

927 2064 1110 2098 Matthaeus
1136 2063 1327 2104 compescuit

884 2113 929 2145 Et
952 2112 1036 2144 hunc
1060 2111 1128 2143 sola
1154 2111 1271 2143 deitate

931 2159 1057 2192 Cultum
1084 2158 1210 2198 dignum
1238 2158 1356 2190 docuit.

849 2240 855 2247 .
882 2216 1026 2256 Regnum
1053 2214 1171 2246 Christi
1197 2214 1359 2247 dilatatur.

935 2261 1044 2295 Credit
1067 2261 1248 2302 Aethiopia,

886 2311 990 2343 Fonte
1014 2317 1104 2341 sacro
1131 2310 1321 2342 candidatur

930 2357 1063 2398 Eglippi
1086 2358 1248 2400 prosapia,
