1655 2534
749 102 983 133 —70-..

624 192 672 222 24.
703 192 746 222 De
766 198 791 221 5.
811 190 916 221 Mauro
936 188 1113 221 Parentino.

358 261 401 293 In
431 261 461 295 1.
487 260 702 300 Vesperis.

401 334 493 370 Super
512 334 653 361 Psalmos.

224 394 263 425 A.
298 391 444 425 Celebret
468 391 600 422 ecclesia

294 438 445 476 Martyris
469 437 640 476 sollemnia,

294 485 349 523 Qui
380 487 470 515 natus
496 492 534 514 ex
557 482 669 515 Africa

292 531 399 563 Habet
422 539 519 570 regna
544 529 669 568 caelica,

292 578 380 609 Emit
402 585 459 615 per
484 575 638 615 supplicia

293 624 461 655 Beatorum
486 622 636 662 praemia,

292 670 395 701 Ducat
419 677 478 707 per
505 667 653 707 suffragia

292 716 359 747 Nos
384 715 424 746 ad
452 714 529 746 caeli
553 713 679 754 gaudia.

408 787 454 814 Aa
473 786 652 822 Mag-nificat.

255 869 262 877 .
292 844 412 883 Gaude,
438 845 560 884 Maure,
585 844 672 885 pugil
697 844 798 884 fortis,

291 891 360 922 Tua
383 894 484 922 morte
509 890 609 922 victor
632 892 752 931 mortis,

292 935 457 976 Particeps
479 937 623 969 caelestis
646 938 752 979 sortis,

292 983 358 1015 Nos
384 984 534 1022 coniunge
559 983 637 1015 caeli
660 984 761 1023 portis

358 1078 388 1108 A
400 1076 418 1107 d
443 1077 698 1110 Matutinum.

421 1150 632 1177 Invitatorium.

292 1206 439 1238 Exsultct
463 1206 541 1238 caeli
572 1206 667 1246 curia,

292 1254 443 1285 Laetetur
468 1256 500 1284 et
524 1253 656 1285 ecclesia

291 1300 396 1339 Agens
420 1299 526 1331 Mauri
548 1300 721 1332 sollemnia.

348 1393 394 1424 In
420 1393 451 1424 1.
475 1391 703 1428 Nocturno.

430 1466 623 1500 Antiphonae.

258 1546 266 1553 .
292 1522 432 1561 Maurus,
458 1524 549 1554 natus
573 1523 606 1554 in
630 1522 752 1562 Africa,

291 1568 401 1607 Regna
424 1568 565 1607 possidet
590 1569 717 1603 caelica.

257 1646 264 1655 .
289 1622 429 1654 Exortus
454 1632 492 1654 ex
514 1624 671 1656 nobilibus

292 1669 480 1701 Christianis
505 1670 654 1702 divitibus

293 1714 355 1746 Sua
381 1715 468 1747 dedit
491 1717 693 1756 pauperibus,

258 1794 266 1803 .
294 1771 487 1811 Contemptis
511 1774 736 1812 temporalibus

292 1817 333 1848 Se
357 1818 519 1850 coniunxit
542 1819 760 1852 claustralibus

289 1864 386 1895 Totus
412 1864 500 1896 hians
525 1866 723 1900 caelestibus.

423 1938 628 1974 Responsoria¹

258 2019 265 2025 .
292 1995 426 2027 Sanctus
450 1996 581 2027 Maurus
604 1995 785 2037 Africanus,

287 2041 396 2080 Dives,
421 2042 501 2085 pius,
527 2042 592 2074 fide
615 2052 718 2084 sanus,

287 2087 474 2120 Distributis
500 2089 619 2121 divitiis

287 2134 329 2166 Se
350 2136 497 2168 domabat
519 2136 663 2177 ieiuniis3

249 2207 256 2214 .
287 2181 412 2214 Instans
437 2182 629 2215 orationibus

286 2227 349 2259 Sua
375 2228 463 2261 dedit
484 2238 567 2269 paup
572 2231 686 2264 eribus,

254 2308 262 2316 .
287 2283 453 2324 Despectis
477 2287 687 2319 mundialibus

289 2331 425 2364 Intravit
445 2335 678 2378 monasterium,

891 1954 928 1987 V.

903 2104 934 2136 3.

964 258 1100 290 Amatur
1123 267 1143 290 a
1168 255 1391 290 claustralibus

964 304 1010 336 Ut
1033 305 1176 344 paradisi
1199 304 1319 344 lilium3

964 352 1040 384 Flos
1060 351 1182 394 florum,
1210 351 1274 383 dux
1297 359 1429 391 morum,

965 397 1134 437 Speculum
1160 400 1350 430 cunctorum.

931 480 938 487 .
963 454 1027 487 Hic
1052 455 1161 486 decem
1185 458 1218 486 et
1240 457 1311 486 octo
1336 454 1428 485 anuis

967 500 1044 532 Gum
1068 501 1118 533 his
1143 500 1205 533 fuit
1230 501 1378 540 Celianis,

965 548 1043 580 Post
1067 547 1176 579 volens
1201 548 1332 581 Petrum
1355 547 1461 578 visere

967 594 1080 633 Coepit
1103 594 1144 625 ad
1169 594 1301 627 Romam
1325 602 1476 634 pergere3

966 640 1098 673 Maurus
1123 644 1216 673 natus
1239 640 1411 673 Africanus

966 687 1094 728 Martyr
1118 686 1221 719 factus
1246 691 1295 719 est
1318 688 1489 720 Romanus.

1020 828 1067 859 In
1092 828 1124 860 2.
1150 827 1378 859 Nocturno.

1104 910 1298 946 Antiphonae.

929 1000 936 1008 .
963 976 1050 1009 Petri
1076 984 1189 1015 corpus
1214 977 1356 1010 visitavit

961 1022 1006 1055 Et
1030 1022 1139 1055 audita
1159 1023 1350 1064 observavit,

966 1068 1124 1101 Consueta
1147 1070 1350 1103 ministravit.

933 1149 939 1157 .
964 1125 1129 1165 Perceptis
1147 1127 1307 1165 mysteriis

964 1173 1066 1204 Instat
1089 1172 1284 1213 ministeriiS,

963 1219 1141 1257 Pauperum
1165 1220 1301 1253 solaciis,

929 1299 937 1306 .
963 1274 1080 1306 Tribus
1105 1276 1195 1307 annis
1220 1275 1340 1308 Romae
1364 1275 1426 1309 fuit

963 1321 1052 1353 Sicut
1075 1321 1191 1353 fiumen
1215 1321 1306 1355 bonis
1330 1321 1409 1356 fluit.

1100 1414 1307 1449 Responsoria.

928 1504 937 1512 .
962 1480 1081 1512 Romae
1105 1489 1161 1511 rex
1186 1481 1395 1515 Numerianus

962 1526 1007 1558 Et
1030 1525 1221 1568 praefectus,
1249 1529 1468 1572 vir'vesanus7

963 1573 1108 1604 Inierunt
1132 1574 1289 1614 supplicia

962 1619 1087 1651 Sanctis
1113 1622 1143 1651 et
1163 1621 1320 1662 ludibria3

959 1665 1086 1705 Mai-tyr
1111 1668 1205 1698 cessit
1229 1670 1306 1700 tunc
1329 1669 1440 1712 furori,

962 1712 1079 1744 Similis
1103 1713 1164 1745 hoc
1188 1715 1349 1750 salvatori.

928 1793 934 1799 .
961 1769 998 1800 111
1023 1770 1174 1808 spelunca
1197 1771 1337 1804 latitavit

960 1815 1087 1856 Mai-tyr
1110 1817 1211 1849 tribus
1236 1820 1406 1859 mensibus,

960 1862 1046 1894 Deus
1072 1872 1141 1895 eum
1167 1863 1359 1898 confortavit

962 1908 1039 1941 Cum
1062 1912 1173 1949 virgae
1196 1911 1438 1953 splendoribus3

958 1954 1055 1994 Virga
1080 1956 1171 1987 fulsit
1194 1966 1299 1996 aurea,

959 2001 1066 2033 Mauri
1088 2011 1177 2034 mens
1202 2004 1350 2037 aetherea

961 2047 1033 2079 Non
1057 2049 1149 2080 timet
1172 2048 1329 2084 funebria.

960 2104 999 2136 In
1023 2113 1138 2143 sopore
1158 2106 1304 2139 visitatus

959 2150 1013 2182 Ad
1035 2151 1169 2183 Romam
1193 2155 1374 2193 regreditur

959 2197 1004 2229 Et
1027 2206 1046 2228 a
1069 2198 1152 2230 notis
1177 2204 1343 2234 accusatus

960 2243 1037 2276 Mox
1060 2244 1223 2286 praefecto
1253 2249 1411 2284 traditur:

962 2290 1079 2323 Christi
1104 2302 1172 2324 sum
1197 2295 1236 2326 ab
1260 2294 1406 2338 infantia,

960 2338 1033 2370 Non
1057 2340 1155 2372 adoro
1182 2342 1355 2379 daemonia.
