1655 2534
716 96 975 131 -229—

327 184 390 216 Ad
414 185 678 223 Matutinum.

394 259 611 289 Invitatorium.

263 314 430 354 Virginum
454 325 615 350 sacrarum

263 361 442 394 Adoremus
468 363 628 397 Christum

311 408 428 449 Regem
455 419 573 450 regum.

321 502 367 534 In
395 505 426 537 1.
453 504 684 539 Nocturno.

403 577 597 614 Antiphonae.

225 658 233 665 .
261 633 355 665 Viam
378 635 533 667 iustorum

308 680 462 713 Dominus
492 683 649 721 plantavit
672 693 809 726 suorum,

260 727 344 758 Dum
367 729 457 759 iuxta
482 738 634 768 aquarum

307 774 407 806 vincit
432 775 550 807 Ursula
581 776 706 808 frenum
735 785 810 817 poe-

583 833 704 855 narum.

226 903 232 909 .
258 876 472 916 Praeceptum
497 877 623 910 Domini

307 924 531 962 praedicantes
556 934 594 957 ac
614 926 809 965 mandatum,

259 970 391 1002 Romam
417 971 581 1003 venientes

305 1026 420 1056 papam
442 1018 622 1052 visitarunt.

224 1098 232 1106 .
259 1073 413 1105 Dominus
438 1074 496 1105 has
521 1075 659 1115 virgines

305 1120 384 1151 mire
410 1121 533 1159 ditavit,

257 1167 311 1198 Ad
336 1167 474 1199 stadium
500 1168 658 1200 caelorum

305 1214 466 1246 lenissime
488 1215 546 1246 has
571 1216 705 1250 vocavit.

397 1289 603 1323 Responsoria.

226 1359 234 1367 .
261 1334 382 1368 Ursula
404 1336 571 1375 praeclara

305 1386 340 1413 tu
366 1383 506 1414 nasceris
529 1391 568 1414 ex
593 1385 659 1416 alta
683 1384 772 1424 Sara,

263 1429 360 1461 Unda
383 1426 536 1473 sacra[ta]

304 1484 373 1507 cum
399 1485 484 1508 esses
509 1477 686 1517 purificata,

256 1523 358 1555 Idolis
383 1524 499 1563 spretis

302 1570 433 1602 laetaris
458 1571 521 1602 iam
545 1580 615 1603 cum
641 1572 753 1615 beatis,

216 1641 224 1649 .
254 1617 319 1649 Dei
343 1620 378 1649 tu
403 1618 484 1649 cella

304 1664 417 1703 mellis,
443 1665 545 1707 vinea,
572 1666 671 1698 rubea
695 1666 800 1701 stella.

225 1745 232 1753 .
259 1720 378 1753 Ursula
403 1722 558 1763 speciosa,

303 1770 338 1798 tu
363 1777 479 1809 sponso
505 1770 635 1801 vernula
661 1779 743 1812 rosa,

255 1814 403 1854 Sequeris
430 1813 616 1860 [Christum]

302 1863 452 1894 miserum
478 1871 631 1902 spernens
656 1864 807 1895 mundum

580 1912 676 1943 istum

213 1981 220 1989 .
252 1956 329 1989 Oleo
354 1960 489 1995 retento,

300 2005 385 2043 apud
420 2013 571 2044 sponsum
608 2005 710 2037 nostri
742 2013 807 2036 me-

580 2055 695 2085 mento.

216 2133 225 2142 .
255 2108 371 2142 Ursula
393 2108 538 2148 benigna,

299 2155 457 2196 virginum
464 2154 533 2196 flos,
549 2156 682 2200 suscipe,
696 2156 801 2198 digna,

250 2202 368 2235 Preces
393 2206 529 2247 tuorum,

298 2250 393 2291 iunge
417 2251 511 2282 sociis
534 2259 754 2291 supernorum,

250 2296 331 2330 Cum
356 2298 469 2338 quibus
493 2298 625 2333 laetaris

298 2353 424 2385 semper
449 2348 482 2377 et
505 2346 537 2377 iu
563 2355 641 2378 aevo
668 2345 790 2385 bearis3

874 192 913 225 V.
943 193 996 225 Ad
1021 195 1131 226 limina
1155 201 1336 230 sanctorum

992 240 1111 272 ducunt
1166 244 1289 282 agmina
1340 246 1497 286 virginum

1270 292 1409 325 chorum.

1000 427 1046 459 In
1070 430 1101 461 2.
1129 429 1357 464 Nocturno.

1085 512 1279 548 Antiphonae.

883 578 914 608 1.
946 577 1112 610 Voluntate
1138 579 1219 611 bona

986 629 1149 663 protectae
1173 627 1300 659 luminis
1325 631 1413 660 scuto

938 670 1026 703 Iuste
1056 675 1246 705 coronantur

985 719 1107 757 positae
1131 728 1215 751 nunc
1237 721 1271 752 in
1294 721 1364 752 loco
1389 723 1467 755 tuto.

877 774 909 806 2.
936 773 974 805 In
999 776 1146 807 universa
1170 779 1256 808 terra

981 822 1095 853 merita
1119 825 1299 854 sanctorum
1326 824 1479 867 pretiosa,

936 867 975 898 In
999 866 1109 899 Rheno
1134 869 1311 902 trucidatae

984 914 1123 952 gaudent
1145 923 1229 945 nunc
1252 917 1423 949 laureatae.

881 969 913 1000 3.
939 967 989 999 De
1012 969 1202 1001 habitaculis
1227 973 1381 1003 iustorum

983 1015 1042 1047 hae
1077 1020 1205 1048 sanctae
1242 1019 1381 1057 virgines
1425 1019 1492 1051 lae-

1264 1068 1383 1104 tantur,

939 1107 1096 1149 Sanguine
1120 1110 1268 1143 Coloniae

988 1153 1057 1188 fuso
1082 1156 1327 1191 interficiuntur.

1074 1259 1205 1293 Respons
1209 1261 1249 1287 ori
1254 1268 1279 1287 a.

883 1334 913 1366 1.
941 1334 1060 1367 Ursula
1086 1335 1210 1375 devota,

986 1385 1159 1422 sequuntur
1182 1385 1215 1413 te
1240 1385 1366 1423 agmina
1392 1387 1460 1418 tota

939 1428 992 1460 Ad
1017 1438 1134 1468 papam
1159 1428 1333 1471 Urbanum,

985 1484 1090 1516 regem
1108 1479 1294 1515 spernentes
1307 1477 1489 1520 profanum,

938 1521 1064 1554 Christo
1088 1525 1124 1554 ut
1147 1523 1327 1566 iungantur,

985 1570 1148 1609 apostolos
1173 1569 1305 1602 visitare
1323 1574 1489 1614 conantur,

868 1616 907 1649 V.
941 1616 1021 1655 Quia
1046 1617 1092 1648 sic
1116 1616 1270 1649 altissimo

985 1660 1147 1706 [Domino]
1162 1664 1281 1703 placuit
1288 1665 1357 1697 Deo
1367 1669 1486 1701 nostro.

878 1720 909 1752 2.
936 1720 1065 1760 UrsuIa,
1093 1725 1128 1751 tu
1152 1720 1237 1753 mitis

985 1767 1086 1799 dulcis
1113 1770 1144 1798 et
1168 1776 1201 1798 es
1228 1768 1410 1808 Sunamitis,

938 1815 976 1847 In
1003 1815 1084 1847 cella
1110 1814 1229 1847 Christi

985 1863 1093 1894 sedem
1118 1865 1204 1893 tuam
1231 1863 1378 1903 posuisti,

937 1909 1020 1942 illuc
1045 1910 1107 1942 duc
1131 1910 1304 1942 servientes

983 1957 1043 1989 tibi
1067 1957 1247 1995 mundoque
1272 1960 1443 1997 gementes,

864 2004 904 2037 V.
935 2003 980 2036 Ut
1003 2008 1108 2036 tecum
1133 2003 1263 2035 Colonia

984 2051 1180 2090 quiescamus
1205 2052 1310 2089 patria
1334 2054 1454 2086 saneta.

878 2109 910 2142 3.
938 2108 1056 2141 Ursula
1079 2107 1199 2147 regina,

984 2158 1016 2188 te
1040 2155 1174 2187 laudant
1197 2156 1325 2195 agmina
1348 2156 1433 2187 trina

927 2202 1118 2245 Martyrum,
1146 2200 1363 2235 confessorum

982 2259 1020 2281 ac
1044 2249 1201 2289 virginum
1226 2247 1466 2295 sacra[ta]rum,

865 2298 901 2329 V.
934 2296 1030 2330 Caelo
1056 2306 1133 2337 quos
1157 2297 1272 2339 iungis,

980 2343 1035 2377 ubi
1061 2347 1192 2376 cantant
1211 2346 1353 2378 carmina
1369 2345 1487 2379 laudis.
