1655 2534
634 88 867 125 -15-

99 182 135 216 V.
167 183 260 216 Nunc
283 184 410 225 placido
435 185 524 225 levis,

216 240 300 263 nunc
323 231 448 264 intonat
472 241 527 265 oro
548 232 719 265 tremendo.

224 344 261 376 In
289 346 320 378 2.
347 344 575 378 Nocturno.

311 427 506 464 Antiphonae.

139 520 146 527 .
172 493 283 526 Hostis
307 495 350 527 ad
374 494 454 527 haec
477 496 589 539 saevit,

219 541 278 574 sed
301 550 365 574 non
389 544 495 575 tamen
517 543 576 575 illa
593 543 724 583 quievit,

173 588 273 621 Immo
297 588 362 621 fide
386 590 496 634 crevit,

221 644 292 667 cum
317 635 424 668 verbis
446 636 577 670 vulnera
592 637 722 677 sprevit.

116 706 123 715 ⁵
139 725 148 733 ,
174 700 304 733 Nullum
328 710 500 740 poenarum

220 751 350 788 reputat
375 748 543 780 discrimen
573 758 723 790 amarum,

175 794 229 826 Sic
253 795 350 826 habet
372 794 522 827 inflexum

224 849 278 873 cor
301 841 430 874 vincens
464 841 582 874 femina
606 851 724 875 sexum.

140 931 149 939 .
174 906 258 938 Dum
283 915 342 939 nec
367 908 531 940 tormentis

225 953 311 986 cedit
335 955 513 986 constantia
536 955 661 996 mentis,

175 1001 245 1032 Nec
268 999 494 1033 blandimentis

222 1047 415 1088 nimiumque
425 1048 478 1080 diu
488 1045 571 1093 [que]
581 1049 729 1089 petentis,

178 1095 324 1127 Carceris
348 1094 510 1128 horrentis

225 1150 346 1181 poenas
371 1145 465 1183 parat
488 1143 537 1175 ira
561 1142 706 1177 furentis,

317 1227 524 1263 Responsoria.

148 1320 155 1327 .
182 1293 299 1326 Postea
322 1294 376 1325 lux
402 1292 500 1334 fulsit,

229 1340 269 1371 de
292 1348 395 1379 poena
420 1341 556 1373 carceris
579 1341 654 1382 exit,

181 1387 251 1419 Nec
276 1387 371 1419 timor
394 1391 486 1429 urget
510 1396 589 1428 eam,

229 1443 322 1474 quam
348 1434 467 1468 Christi
490 1435 594 1476 gratia,
616 1435 710 1476 rexit,

180 1482 354 1522 Temptans
378 1481 560 1522 praefectus

230 1528 306 1561 fidei
331 1532 516 1569 pervertere
540 1533 662 1573 pectus,

182 1576 341 1609 Christum
365 1577 579 1617 spernendum

231 1623 325 1656 docet
349 1632 418 1656 esse
442 1625 612 1665 Iovemque
632 1626 736 1657 colen-

508 1672 600 1712 dum3

147 1743 155 1751 .
185 1719 210 1751 Ο
236 1718 341 1751 rabies
366 1718 507 1759 grandis,

234 1765 295 1798 diis
318 1766 463 1799 immolat
485 1767 548 1799 iste
578 1764 737 1809 nefandis,

182 1812 296 1846 Surdis
320 1817 354 1845 et
376 1814 483 1857 mutis,

228 1860 389 1893 medicum
414 1861 594 1902 spernendo
616 1860 737 1893 salutis.

152 1952 160 1960 .
186 1927 285 1967 Virgo
309 1928 507 1967 respondens

228 1976 346 2016 probat
366 1975 457 2008 idola
480 1984 564 2008 vana
588 1974 723 2007 cremari

181 2022 227 2055 Et
250 2022 408 2055 Christum
432 2023 534 2057 solum

230 2069 400 2105 Dominum
432 2070 597 2110 Deumque
621 2070 738 2110 vocari,

187 2116 252 2150 Sed
277 2118 371 2150 docet
394 2118 478 2151 hunc
503 2117 616 2160 colere,

230 2166 374 2206 laudare,
400 2165 499 2206 sequi,
526 2164 682 2207 venerari,

144 2239 152 2246 .
182 2213 246 2246 Per
270 2221 362 2253 quem
389 2214 545 2254 clarescit,

232 2261 330 2294 solem
355 2261 529 2301 stellasque
553 2258 667 2301 creari,

183 2307 343 2349 Sanguine
366 2309 422 2348 qui
445 2308 578 2349 proprio

231 2356 384 2390 mundum
410 2356 511 2391 voluit
534 2355 689 2398 repa-rari.

790 188 822 220 3.
846 184 931 218 Hinc
955 186 1056 216 motus
1080 184 1206 225 gravius

894 231 983 263 iubet
1013 231 1101 263 illam
1127 240 1254 263 carcere
1278 231 1391 271 claudi,

845 278 908 312 Illa
932 281 1025 310 vacat
1047 277 1194 319 precibus

897 325 1024 357 divinae
1047 325 1157 357 dedita
1180 324 1281 364 laudi,

780 374 819 406 V.
848 372 976 405 Invidet
999 372 1098 405 hostis
1123 371 1164 413 ei,

898 418 1101 452 commiscens
1126 417 1248 458 proelia
1271 415 1386 450 fraudi.

913 561 959 593 In
986 560 1017 593 3.
1043 558 1272 591 Nocturno.

993 651 1186 687 Antiphonae.

794 721 826 754 1,
850 718 943 751 Hanc
968 719 1064 751 draco
1090 725 1279 758 consurgens

899 769 995 805 parat
1017 764 1189 800 absorbere
1212 766 1383 803 crepatque

853 813 917 844 Per
924 812 1074 852 medium,
1087 811 1168 844 sicut
1182 811 1323 844 Christus
1338 818 1406 841 eam

902 861 1070 898 servatque
1092 859 1251 898 iuvatque.

796 926 829 957 2.
857 924 967 956 Induit
990 923 1159 963 Aethiopis

903 970 1036 1003 formam
1062 968 1213 1002 deformis
1234 968 1346 1008 imago,

856 1017 1004 1050 Pandens
1029 1026 1090 1057 quo
1114 1018 1236 1055 noceat,

903 1065 1094 1105 pandentem
1116 1066 1229 1095 sancta
1253 1061 1361 1103 virago

858 1110 992 1154 Arripit,
1018 1113 1180 1151 arreptum

906 1155 1036 1202 [rapuit]
1060 1158 1095 1189 in
1117 1157 1183 1189 ima
1205 1164 1331 1195 vorago.

806 1225 837 1258 3.
864 1225 930 1263 Quo
955 1224 1056 1264 magis
1082 1223 1240 1261 atteritur,

902 1270 1015 1303 maiori
1038 1270 1144 1302 fervet
1167 1277 1283 1309 amore,

862 1317 1005 1351 Christus
1030 1318 1061 1349 ei
1084 1324 1209 1356 semper

908 1369 943 1396 in
966 1367 1105 1404 pectore,
1130 1371 1254 1403 semper
1278 1362 1311 1394 in
1345 1368 1408 1392 ore.

998 1457 1204 1493 Responsoria.

829 1553 836 1560 .
865 1527 999 1559 Carcere
1023 1525 1168 1557 detracta

911 1575 977 1605 stat
999 1573 1087 1604 nullo
1112 1571 1239 1604 turbine
1263 1570 1375 1609 fracta,

864 1622 1002 1661 Lampas
1026 1622 1192 1659 utrumque
1216 1619 1297 1650 latus

913 1668 1017 1701 varios
1044 1666 1149 1707 coquit
1172 1665 1205 1698 in
1231 1664 1399 1708 cruciatus,

864 1715 996 1756 Ignibus
1021 1717 1136 1753 assata,

912 1762 970 1795 sed
993 1761 1095 1795 virtus
1118 1760 1192 1801 igne
1214 1760 1360 1800 probata,

867 1810 1014 1842 Flumine
1037 1809 1185 1851 iactatur,

914 1866 976 1897 qua
997 1856 1159 1897 baptizata
1182 1856 1334 1893 novatur3

828 1932 835 1940 .
866 1904 1007 1945 Angelus
1032 1913 1049 1935 e
1074 1903 1179 1944 caelis,

918 1953 1023 1985 custos
1048 1952 1147 1985 bonus
1173 1953 1267 1990 atque
1290 1948 1406 1990 fidelis,

867 2000 973 2032 Nullis
997 1998 1162 2031 tormentis

918 2046 1023 2087 frangi
1047 2046 1124 2078 sinit
1145 2045 1271 2084 integra
1293 2042 1418 2074 mentis.

835 2142 843 2150 .
868 2115 1003 2147 Praeses
1027 2110 1174 2143 turbatur

915 2161 1027 2203 victus,
1052 2159 1130 2190 licet
1151 2156 1336 2197 insanitum,

868 2207 1041 2247 Impatiens
1064 2206 1133 2237 irae

913 2254 1004 2287 iubet
1036 2253 1119 2286 hanc
1140 2261 1289 2286 mucrone
1312 2251 1421 2292 ferire,

866 2302 931 2336 Sed
955 2300 1128 2334 formidata

913 2359 976 2383 non
1001 2350 1049 2382 est
1072 2348 1229 2382 sententia
1252 2348 1335 2389 lata3
