1655 2534
210 205 249 236 V.
278 204 323 236 Ut
346 213 453 236 eorum
477 203 535 235 tibi
559 206 665 244 gratus

281 251 444 284 Habeatur
469 250 647 289 famulatus,

279 297 460 338 Congeriem
484 297 663 328 immanium

276 344 391 376 Procul
415 344 551 383 repellas
574 344 724 376 sordium.

393 427 436 454 Ad
456 426 633 462 Magnificat.

207 494 246 525 A.
275 493 478 533 Magnificum
503 493 687 532 antistitem,

281 539 336 572 Cui
360 540 497 580 gladium
523 539 690 578 ancipitem

275 586 410 626 Propter
433 587 576 617 incursus
601 586 734 617 hostium

276 632 439 665 Commisit
461 634 565 663 rector
588 633 734 671 omnium,

320 677 565 718 Magnificemus.

337 790 397 821 Ad
422 789 687 822 Matutinum.

400 872 613 899 Invitatorium.

269 937 448 970 Adoremus
474 938 632 971 Christum
656 947 771 980 regem,

274 984 339 1023 Quo
367 985 502 1016 donante
526 993 615 1015 suum
640 994 764 1026 gregem

317 1031 449 1062 Sanctus
474 1031 558 1062 rexit
581 1031 770 1063 TheodoluS.

332 1142 377 1173 In
404 1142 432 1175 1.
459 1142 683 1176 Nocturno.

411 1224 604 1259 Antiphonae.

212 1289 245 1321 1.
270 1289 464 1321 Fructuosae
488 1290 592 1321 arbori

268 1334 385 1368 Felicis
409 1337 565 1368 Theodoli

269 1381 376 1414 Sermo
401 1383 489 1414 vivus
516 1385 548 1414 et
569 1383 655 1415 utilis

266 1429 382 1460 Fertur
407 1438 475 1460 esse
500 1430 678 1464 consimilis.

211 1485 242 1516 2.
268 1484 369 1516 Huius
394 1485 502 1516 mundi
527 1485 742 1518 blandimenta

269 1531 329 1562 Per
354 1531 452 1570 ipsius
479 1532 664 1563 documenta

268 1576 439 1616 Tamquam
465 1578 577 1609 veneni
600 1579 746 1616 poculum

267 1622 380 1663 Liquet
405 1624 562 1662 sprevisse
586 1626 754 1659 saeculum.

209 1678 240 1709 3.
265 1678 380 1711 Pastor
403 1688 465 1711 non
489 1681 698 1712 mercenarius

268 1725 426 1766 Irrigabat
444 1726 630 1766 propensius

266 1771 449 1803 Sermonum
473 1773 593 1811 eloquio

267 1818 372 1850 Corda
396 1819 448 1858 pio
472 1818 587 1850 studio.

399 1902 603 1937 Responsoria.

208 1966 237 1998 1.
265 1967 439 1999 Universae

308 2013 386 2045 fines
409 2014 620 2054 Burgundiae‚

262 2059 330 2092 Deo
354 2061 463 2092 laudes

308 2108 437 2139 solvatis
463 2108 567 2148 hodie,

262 2153 326 2185 Per
349 2163 438 2193 quem
464 2159 574 2195 regnat

309 2201 341 2232 in
367 2202 445 2232 caeli
470 2202 548 2233 solio

261 2246 394 2279 Praesul
416 2251 532 2290 noster,

308 2293 384 2326 felix
409 2294 602 2336 Burgundio,

354 2341 542 2376 Theodolus,

823 109 893 143 204
940 127 986 132 --

886 202 923 234 V.
954 202 1121 234 Plantatus
1148 204 1196 233 est

1001 250 1035 280 in
1062 249 1153 281 domo
1178 247 1316 288 Domini,

953 295 1097 327 Sociatus

999 345 1178 374 sanctorum
1195 341 1321 381 agmini,

955 388 1056 429 Patri,
1082 391 1156 420 nato

998 438 1168 475 sanctoque
1191 434 1309 466 flamini

1044 482 1175 522 Semper
1198 489 1358 521 praesens.

893 549 924 579 2.
950 546 1051 579 Fama
1074 548 1167 579 velox

995 594 1080 626 ocius
1104 593 1192 632 alite,

951 639 1082 672 Cursum
1107 648 1202 680 agens

997 688 1116 719 directo
1142 686 1279 725 tramite,

948 731 1104 765 Seriatam

993 781 1090 812 vitam
1115 780 1269 811 Theodoli

948 827 986 858 In
1012 829 1181 866 conspectu

996 874 1136 905 denudat
1159 873 1282 912 Karon,

877 919 914 952 V.
946 920 991 952 Ut
1011 920 1140 951 honoris
1165 921 1205 952 ad
1228 919 1349 958 apicem

946 965 1040 998 Suum
1064 966 1151 997 Deus
1175 965 1355 1007 pontificem

945 1012 1149 1045 Promoveret
1174 1021 1232 1053 per
1256 1012 1393 1044 indicem

992 1058 1157 1091 Effectum.

888 1124 918 1156 3.
944 1123 1122 1162 Imperator

991 1170 1124 1201 illustris
1150 1171 1299 1209 Kar-olus,

944 1216 1041 1255 Quem
1066 1224 1122 1248 rex
1144 1217 1212 1248 orci

991 1271 1125 1302 nequam
1150 1266 1182 1294 et
1205 1263 1357 1295 subdolus

943 1309 1043 1349 Turpi
1068 1310 1206 1341 vinetum

988 1356 1115 1387 tenebat
1140 1357 1279 1395 crimine,

943 1401 1112 1435 Liberatur

990 1449 1092 1480 sancti
1114 1449 1273 1480 iuvamine

1038 1496 1202 1535 Theodoli,

873 1541 912 1573 V.
942 1540 1026 1573 Dum
1050 1542 1083 1573 in
1109 1542 1243 1581 quodam
1270 1544 1404 1575 concilio

944 1587 1062 1619 Dolore
1086 1591 1188 1619 tactus
1214 1589 1310 1621 nimio

944 1634 1076 1666 Precum
1100 1635 1162 1665 sibi
1183 1634 1330 1675 suffragio

988 1681 1156 1713 Subveniri
1180 1683 1330 1721 postulat.

998 1841 1044 1873 In
1071 1843 1102 1873 2.
1130 1841 1363 1875 Nocturno.

1083 1934 1276 1968 Antiphonae.

885 1998 915 2031 1.
940 1999 1004 2031 Pro
1029 2001 1204 2040 quantitate
1230 2002 1380 2044 criminis,

941 2045 1029 2083 Quod
1055 2049 1123 2078 erat
1148 2055 1260 2087 expers
1286 2050 1429 2093 nominis,

938 2092 1048 2124 Visum
1073 2095 1194 2125 aeterni
1217 2095 1344 2128 luminis

988 2140 1157 2173 Amiserat.

882 2204 913 2235 2.
939 2203 1087 2236 Pudebat
1111 2214 1181 2237 eum
1206 2216 1361 2254 promere,

942 2250 1008 2289 Quo
1033 2253 1137 2284 laesus
1164 2258 1245 2285 esset
1272 2256 1412 2297 vulnere,

940 2295 1030 2330 Nulli
1055 2300 1163 2331 volens
1190 2301 1337 2342 detegere

985 2346 1129 2385 Culpam.
