<?xml version="1.0" encoding="UTF-8"?>
<!DOCTYPE html PUBLIC "-//W3C//DTD XHTML 1.0 Transitional//EN"
    "http://www.w3.org/TR/xhtml1/DTD/xhtml1-transitional.dtd">
<html xmlns="http://www.w3.org/1999/xhtml" xml:lang="en" lang="en">
 <head>
  <title>
</title>
<meta http-equiv="Content-Type" content="text/html;charset=utf-8" />
  <meta name='ocr-system' content='tesseract 3.04.00' />
  <meta name='ocr-capabilities' content='ocr_page ocr_carea ocr_par ocr_line ocrx_word'/>
</head>
<body>
  <div class='ocr_page' id='page_1' title='image "./analectahymnica28drevuoft_00227.png"; bbox 0 0 1655 2534; ppageno 0'>
   <div class='ocr_carea' id='block_1_1' title="bbox 703 138 991 177">
    <p class='ocr_par' dir='ltr' id='par_1_1' title="bbox 703 138 991 177">
     <span class='ocr_line' id='line_1_1' title="bbox 703 138 991 177; baseline -0.01 2"><span class='ocrx_word' id='word_1_1' title='bbox 703 138 782 169; x_wconf 85' lang='lat'>&#39;—</span> <span class='ocrx_word' id='word_1_2' title='bbox 829 142 899 177; x_wconf 82' lang='lat'>224</span> <span class='ocrx_word' id='word_1_3' title='bbox 951 161 991 166; x_wconf 88' lang='lat'><em>-</em></span> 
     </span>
    </p>
   </div>
   <div class='ocr_carea' id='block_1_2' title="bbox 237 232 1508 582">
    <p class='ocr_par' dir='ltr' id='par_1_2' title="bbox 237 232 1508 582">
     <span class='ocr_line' id='line_1_2' title="bbox 385 232 1327 274; baseline -0.019 1"><span class='ocrx_word' id='word_1_4' title='bbox 385 242 428 274; x_wconf 88' lang='lat' dir='ltr'>In</span> <span class='ocrx_word' id='word_1_5' title='bbox 452 241 670 274; x_wconf 78' lang='lat' dir='ltr'>Laudibus.</span> <span class='ocrx_word' id='word_1_6' title='bbox 1081 234 1125 261; x_wconf 83' lang='lat' dir='ltr'>Ad</span> <span class='ocrx_word' id='word_1_7' title='bbox 1144 232 1327 261; x_wconf 78' lang='lat' dir='ltr'>Benedictus.</span> 
     </span>
     <span class='ocr_line' id='line_1_3' title="bbox 429 310 1348 369; baseline -0.011 -20"><span class='ocrx_word' id='word_1_8' title='bbox 429 334 612 369; x_wconf 73' lang='lat' dir='ltr'>Antiphonae</span> <span class='ocrx_word' id='word_1_9' title='bbox 892 314 932 345; x_wconf 91' lang='lat' dir='ltr'>A.</span> <span class='ocrx_word' id='word_1_10' title='bbox 963 312 1053 353; x_wconf 85' lang='lat' dir='ltr'>Vitis,</span> <span class='ocrx_word' id='word_1_11' title='bbox 1081 310 1215 348; x_wconf 79' lang='lat' dir='ltr'><strong>Christe,</strong></span> <span class='ocrx_word' id='word_1_12' title='bbox 1241 317 1348 347; x_wconf 79' lang='lat' dir='ltr'>verax,</span> 
     </span>
     <span class='ocr_line' id='line_1_4' title="bbox 614 353 1402 397; baseline -0.011 -3"><span class='ocrx_word' id='word_1_13' title='bbox 614 353 621 360; x_wconf 75' lang='grc'><strong>’</strong></span> <span class='ocrx_word' id='word_1_14' title='bbox 1011 359 1097 391; x_wconf 88' lang='lat' dir='ltr'>vitae</span> <span class='ocrx_word' id='word_1_15' title='bbox 1120 357 1276 397; x_wconf 87' lang='lat' dir='ltr'>plantatio</span> <span class='ocrx_word' id='word_1_16' title='bbox 1300 353 1402 393; x_wconf 76' lang='lat' dir='ltr'>ferax,</span> 
     </span>
     <span class='ocr_line' id='line_1_5' title="bbox 237 404 1309 445; baseline -0.008 -2"><span class='ocrx_word' id='word_1_17' title='bbox 237 411 265 443; x_wconf 91' lang='lat'>1.</span> <span class='ocrx_word' id='word_1_18' title='bbox 293 411 465 443; x_wconf 81' lang='lat' dir='ltr'>Unanimes</span> <span class='ocrx_word' id='word_1_19' title='bbox 489 410 564 441; x_wconf 89' lang='lat' dir='ltr'>totis</span> <span class='ocrx_word' id='word_1_20' title='bbox 963 407 1001 438; x_wconf 86' lang='lat' dir='ltr'>In</span> <span class='ocrx_word' id='word_1_21' title='bbox 1025 414 1087 445; x_wconf 89' lang='lat' dir='ltr'>qua</span> <span class='ocrx_word' id='word_1_22' title='bbox 1110 404 1309 436; x_wconf 84' lang='lat' dir='ltr'>Trudbertus</span> 
     </span>
     <span class='ocr_line' id='line_1_6' title="bbox 342 446 1508 495; baseline -0.009 -7"><span class='ocrx_word' id='word_1_23' title='bbox 342 457 535 488; x_wconf 77' lang='lat' dir='ltr'>celebrantes</span> <span class='ocrx_word' id='word_1_24' title='bbox 561 456 676 495; x_wconf 84' lang='lat' dir='ltr'>gaudia</span> <span class='ocrx_word' id='word_1_25' title='bbox 698 455 781 487; x_wconf 83' lang='lat' dir='ltr'>votis</span> <span class='ocrx_word' id='word_1_26' title='bbox 1009 452 1098 492; x_wconf 82' lang='lat' dir='ltr'>quasi</span> <span class='ocrx_word' id='word_1_27' title='bbox 1113 451 1234 491; x_wconf 86' lang='lat' dir='ltr'>palmes</span> <span class='ocrx_word' id='word_1_28' title='bbox 1251 448 1391 481; x_wconf 76' lang='lat' dir='ltr'>abundat</span> <span class='ocrx_word' id='word_1_29' title='bbox 1409 446 1508 479; x_wconf 86' lang='lat' dir='ltr'>refer-</span> 
     </span>
     <span class='ocr_line' id='line_1_7' title="bbox 295 499 1337 543; baseline -0.008 -8"><span class='ocrx_word' id='word_1_30' title='bbox 295 504 393 535; x_wconf 77' lang='lat' dir='ltr'>Festa</span> <span class='ocrx_word' id='word_1_31' title='bbox 414 504 515 543; x_wconf 84' lang='lat' dir='ltr'>patris</span> <span class='ocrx_word' id='word_1_32' title='bbox 539 502 620 533; x_wconf 85' lang='lat' dir='ltr'>tanti</span> <span class='ocrx_word' id='word_1_33' title='bbox 1276 499 1337 536; x_wconf 73' lang='lat' dir='ltr'>tus‚</span> 
     </span>
     <span class='ocr_line' id='line_1_8' title="bbox 338 545 1261 582; baseline -0.007 -2"><span class='ocrx_word' id='word_1_34' title='bbox 338 550 442 582; x_wconf 90' lang='lat' dir='ltr'>studio</span> <span class='ocrx_word' id='word_1_35' title='bbox 465 558 649 580; x_wconf 85' lang='lat' dir='ltr'>veneremur</span> <span class='ocrx_word' id='word_1_36' title='bbox 673 548 789 581; x_wconf 88' lang='lat' dir='ltr'>ovanti.</span> <span class='ocrx_word' id='word_1_37' title='bbox 965 545 1103 577; x_wconf 75' lang='lat' dir='ltr'>Protulit</span> <span class='ocrx_word' id='word_1_38' title='bbox 1127 545 1261 575; x_wconf 85' lang='lat' dir='ltr'>electum</span> 
     </span>
    </p>
   </div>
   <div class='ocr_carea' id='block_1_3' title="bbox 959 587 1508 817">
    <p class='ocr_par' dir='ltr' id='par_1_3' title="bbox 962 587 1508 677">
     <span class='ocr_line' id='line_1_9' title="bbox 1009 587 1508 630; baseline -0.01 -8"><span class='ocrx_word' id='word_1_39' title='bbox 1009 592 1160 623; x_wconf 83' lang='lat' dir='ltr'>rutilante</span> <span class='ocrx_word' id='word_1_40' title='bbox 1184 590 1336 630; x_wconf 85' lang='lat' dir='ltr'>sanguine</span> <span class='ocrx_word' id='word_1_41' title='bbox 1360 587 1508 624; x_wconf 84' lang='lat' dir='ltr'>fructum,</span> 
     </span>
     <span class='ocr_line' id='line_1_10' title="bbox 962 637 1242 677; baseline -0.011 -6"><span class='ocrx_word' id='word_1_42' title='bbox 962 639 1062 671; x_wconf 85' lang='lat' dir='ltr'>Nobis</span> <span class='ocrx_word' id='word_1_43' title='bbox 1086 637 1242 677; x_wconf 87' lang='lat' dir='ltr'>propitius</span> 
     </span>
    </p>

    <p class='ocr_par' dir='ltr' id='par_1_4' title="bbox 959 681 1454 764">
     <span class='ocr_line' id='line_1_11' title="bbox 1010 681 1454 723; baseline -0.014 -6"><span class='ocrx_word' id='word_1_44' title='bbox 1010 685 1147 717; x_wconf 82' lang='lat' dir='ltr'>concede</span> <span class='ocrx_word' id='word_1_45' title='bbox 1171 682 1352 723; x_wconf 83' lang='lat' dir='ltr'>precatibus</span> <span class='ocrx_word' id='word_1_46' title='bbox 1378 681 1454 719; x_wconf 88' lang='lat' dir='ltr'>eius,</span> 
     </span>
     <span class='ocr_line' id='line_1_12' title="bbox 959 730 1252 764; baseline -0.01 0"><span class='ocrx_word' id='word_1_47' title='bbox 959 733 1008 764; x_wconf 85' lang='lat' dir='ltr'>Ne</span> <span class='ocrx_word' id='word_1_48' title='bbox 1031 732 1122 763; x_wconf 86' lang='lat' dir='ltr'>vacui</span> <span class='ocrx_word' id='word_1_49' title='bbox 1146 730 1252 762; x_wconf 80' lang='lat' dir='ltr'>fructu</span> 
     </span>
    </p>

    <p class='ocr_par' dir='ltr' id='par_1_5' title="bbox 1011 776 1471 817">
     <span class='ocr_line' id='line_1_13' title="bbox 1011 776 1471 817; baseline -0.011 -6"><span class='ocrx_word' id='word_1_50' title='bbox 1011 780 1194 812; x_wconf 79' lang='lat' dir='ltr'>damnemur</span> <span class='ocrx_word' id='word_1_51' title='bbox 1218 779 1351 817; x_wconf 85' lang='lat' dir='ltr'>perpete</span> <span class='ocrx_word' id='word_1_52' title='bbox 1374 776 1471 807; x_wconf 89' lang='lat' dir='ltr'>luctu.</span> 
     </span>
    </p>
   </div>
   <div class='ocr_carea' id='block_1_4' title="bbox 236 623 834 795">
    <p class='ocr_par' dir='ltr' id='par_1_6' title="bbox 236 623 834 795">
     <span class='ocr_line' id='line_1_14' title="bbox 236 623 619 664; baseline -0.005 -9"><span class='ocrx_word' id='word_1_53' title='bbox 236 626 266 657; x_wconf 87' lang='lat'>2.</span> <span class='ocrx_word' id='word_1_54' title='bbox 293 624 350 663; x_wconf 77' lang='lat' dir='ltr'>Qui</span> <span class='ocrx_word' id='word_1_55' title='bbox 375 626 448 664; x_wconf 85' lang='lat' dir='ltr'>post</span> <span class='ocrx_word' id='word_1_56' title='bbox 472 623 619 654; x_wconf 82' lang='lat' dir='ltr'>emeritae</span> 
     </span>
     <span class='ocr_line' id='line_1_15' title="bbox 339 668 737 701; baseline -0.005 0"><span class='ocrx_word' id='word_1_57' title='bbox 339 670 509 701; x_wconf 85' lang='lat' dir='ltr'>certamina</span> <span class='ocrx_word' id='word_1_58' title='bbox 535 668 629 700; x_wconf 80' lang='lat' dir='ltr'>fortia</span> <span class='ocrx_word' id='word_1_59' title='bbox 652 669 737 700; x_wconf 86' lang='lat' dir='ltr'>vitae</span> 
     </span>
     <span class='ocr_line' id='line_1_16' title="bbox 289 716 595 756; baseline -0.003 -9"><span class='ocrx_word' id='word_1_60' title='bbox 289 716 439 756; x_wconf 84' lang='lat' dir='ltr'>Martyrii</span> <span class='ocrx_word' id='word_1_61' title='bbox 460 716 595 755; x_wconf 87' lang='lat' dir='ltr'>palmam</span> 
     </span>
     <span class='ocr_line' id='line_1_17' title="bbox 335 762 834 795; baseline -0.002 -1"><span class='ocrx_word' id='word_1_62' title='bbox 335 763 437 795; x_wconf 87' lang='lat' dir='ltr'>victor</span> <span class='ocrx_word' id='word_1_63' title='bbox 461 763 535 794; x_wconf 91' lang='lat' dir='ltr'>tulit</span> <span class='ocrx_word' id='word_1_64' title='bbox 558 762 685 793; x_wconf 84' lang='lat' dir='ltr'>inclitus</span> <span class='ocrx_word' id='word_1_65' title='bbox 709 762 834 794; x_wconf 83' lang='lat' dir='ltr'>almam.</span> 
     </span>
    </p>
   </div>
   <div class='ocr_carea' id='block_1_5' title="bbox 236 837 1372 972">
    <p class='ocr_par' dir='ltr' id='par_1_7' title="bbox 236 837 1372 972">
     <span class='ocr_line' id='line_1_18' title="bbox 236 837 718 877; baseline -0.006 -6"><span class='ocrx_word' id='word_1_66' title='bbox 236 840 266 871; x_wconf 86' lang='lat'>3.</span> <span class='ocrx_word' id='word_1_67' title='bbox 293 838 387 877; x_wconf 78' lang='lat' dir='ltr'>Quem</span> <span class='ocrx_word' id='word_1_68' title='bbox 412 847 484 869; x_wconf 81' lang='lat' dir='ltr'>mox</span> <span class='ocrx_word' id='word_1_69' title='bbox 507 846 623 877; x_wconf 87' lang='lat' dir='ltr'>pompa</span> <span class='ocrx_word' id='word_1_70' title='bbox 644 837 718 868; x_wconf 85' lang='lat' dir='ltr'>meli</span> 
     </span>
     <span class='ocr_line' id='line_1_19' title="bbox 342 884 1334 923; baseline -0.002 -8"><span class='ocrx_word' id='word_1_71' title='bbox 342 885 480 916; x_wconf 88' lang='lat' dir='ltr'>victricis</span> <span class='ocrx_word' id='word_1_72' title='bbox 504 885 537 915; x_wconf 90' lang='lat' dir='ltr'>in</span> <span class='ocrx_word' id='word_1_73' title='bbox 561 884 662 915; x_wconf 86' lang='lat' dir='ltr'>ardua</span> <span class='ocrx_word' id='word_1_74' title='bbox 687 884 765 915; x_wconf 83' lang='lat' dir='ltr'>caeli</span> <span class='ocrx_word' id='word_1_75' title='bbox 1328 917 1334 923; x_wconf 51' lang='grc'><strong>,</strong></span> 
     </span>
     <span class='ocr_line' id='line_1_20' title="bbox 290 918 1372 972; baseline -0.014 -10"><span class='ocrx_word' id='word_1_76' title='bbox 290 932 320 962; x_wconf 88' lang='grc' dir='ltr'><strong>Α</strong></span> <span class='ocrx_word' id='word_1_77' title='bbox 344 940 419 972; x_wconf 86' lang='lat' dir='ltr'>rege</span> <span class='ocrx_word' id='word_1_78' title='bbox 443 931 567 963; x_wconf 86' lang='lat' dir='ltr'>Christo</span> <span class='ocrx_word' id='word_1_79' title='bbox 1026 920 1072 951; x_wconf 86' lang='lat' dir='ltr'>In</span> <span class='ocrx_word' id='word_1_80' title='bbox 1098 920 1129 952; x_wconf 85' lang='lat'>2.</span> <span class='ocrx_word' id='word_1_81' title='bbox 1161 918 1372 957; x_wconf 79' lang='lat' dir='ltr'>Vesperis.</span> 
     </span>
    </p>
   </div>
   <div class='ocr_carea' id='block_1_6' title="bbox 339 977 1321 1046">
    <p class='ocr_par' dir='ltr' id='par_1_8' title="bbox 339 977 1321 1046">
     <span class='ocr_line' id='line_1_21' title="bbox 339 977 1321 1046; baseline -0.003 -37"><span class='ocrx_word' id='word_1_82' title='bbox 339 978 481 1017; x_wconf 79' lang='lat' dir='ltr'>praelata</span> <span class='ocrx_word' id='word_1_83' title='bbox 508 977 559 1008; x_wconf 89' lang='lat' dir='ltr'>die</span> <span class='ocrx_word' id='word_1_84' title='bbox 584 977 670 1008; x_wconf 89' lang='lat' dir='ltr'>vehit</span> <span class='ocrx_word' id='word_1_85' title='bbox 692 977 763 1008; x_wconf 89' lang='lat' dir='ltr'>isto.</span> <span class='ocrx_word' id='word_1_86' title='bbox 1078 1011 1124 1038; x_wconf 74' lang='lat' dir='ltr'>Ad</span> <span class='ocrx_word' id='word_1_87' title='bbox 1143 1009 1321 1046; x_wconf 81' lang='lat' dir='ltr'>Magnificat.</span> 
     </span>
    </p>
   </div>
   <div class='ocr_carea' id='block_1_7' title="bbox 232 1052 794 1231">
    <p class='ocr_par' dir='ltr' id='par_1_9' title="bbox 232 1052 794 1231">
     <span class='ocr_line' id='line_1_22' title="bbox 232 1052 643 1091; baseline -0.002 -8"><span class='ocrx_word' id='word_1_88' title='bbox 232 1054 263 1083; x_wconf 87' lang='lat'>4.</span> <span class='ocrx_word' id='word_1_89' title='bbox 289 1052 382 1083; x_wconf 86' lang='lat' dir='ltr'>Nunc</span> <span class='ocrx_word' id='word_1_90' title='bbox 405 1055 488 1083; x_wconf 76' lang='lat' dir='ltr'>&#39;mter</span> <span class='ocrx_word' id='word_1_91' title='bbox 513 1060 643 1091; x_wconf 88' lang='lat' dir='ltr'>superos</span> 
     </span>
     <span class='ocr_line' id='line_1_23' title="bbox 339 1097 794 1138; baseline -0.002 -9"><span class='ocrx_word' id='word_1_92' title='bbox 339 1099 455 1138; x_wconf 83' lang='lat' dir='ltr'>gaudet</span> <span class='ocrx_word' id='word_1_93' title='bbox 478 1097 666 1129; x_wconf 89' lang='lat' dir='ltr'>fortissimus</span> <span class='ocrx_word' id='word_1_94' title='bbox 691 1098 794 1137; x_wconf 85' lang='lat' dir='ltr'>heros,</span> 
     </span>
     <span class='ocr_line' id='line_1_24' title="bbox 292 1145 582 1184; baseline -0.003 -8"><span class='ocrx_word' id='word_1_95' title='bbox 292 1145 407 1176; x_wconf 76' lang='lat' dir='ltr'>Nobile</span> <span class='ocrx_word' id='word_1_96' title='bbox 431 1145 582 1184; x_wconf 84' lang='lat' dir='ltr'>purpurei</span> 
     </span>
     <span class='ocr_line' id='line_1_25' title="bbox 338 1190 764 1231; baseline -0.002 -9"><span class='ocrx_word' id='word_1_97' title='bbox 338 1194 464 1230; x_wconf 80' lang='lat' dir='ltr'>gestans</span> <span class='ocrx_word' id='word_1_98' title='bbox 487 1191 609 1231; x_wconf 85' lang='lat' dir='ltr'>insigne</span> <span class='ocrx_word' id='word_1_99' title='bbox 633 1190 764 1229; x_wconf 80' lang='lat' dir='ltr'>tropaei.</span> 
     </span>
    </p>
   </div>
   <div class='ocr_carea' id='block_1_8' title="bbox 892 1077 1509 1257">
    <p class='ocr_par' dir='ltr' id='par_1_10' title="bbox 892 1077 1509 1257">
     <span class='ocr_line' id='line_1_26' title="bbox 892 1077 1215 1117; baseline -0.012 -6"><span class='ocrx_word' id='word_1_100' title='bbox 892 1080 930 1111; x_wconf 88' lang='lat' dir='ltr'>A.</span> <span class='ocrx_word' id='word_1_101' title='bbox 962 1079 985 1111; x_wconf 95' lang='lat' dir='ltr'>O</span> <span class='ocrx_word' id='word_1_102' title='bbox 1012 1077 1215 1117; x_wconf 80' lang='lat' dir='ltr'>margaritam</span> 
     </span>
     <span class='ocr_line' id='line_1_27' title="bbox 1008 1123 1441 1164; baseline -0.005 -9"><span class='ocrx_word' id='word_1_103' title='bbox 1008 1125 1148 1164; x_wconf 84' lang='lat' dir='ltr'>pretiosa</span> <span class='ocrx_word' id='word_1_104' title='bbox 1173 1126 1274 1154; x_wconf 89' lang='lat' dir='ltr'>morte</span> <span class='ocrx_word' id='word_1_105' title='bbox 1298 1123 1441 1163; x_wconf 76' lang='lat' dir='ltr'>politam,</span> 
     </span>
     <span class='ocr_line' id='line_1_28' title="bbox 963 1171 1362 1210; baseline -0.005 -7"><span class='ocrx_word' id='word_1_106' title='bbox 963 1172 1065 1203; x_wconf 90' lang='lat' dir='ltr'>Suave</span> <span class='ocrx_word' id='word_1_107' title='bbox 1089 1171 1205 1202; x_wconf 88' lang='lat' dir='ltr'>rubens</span> <span class='ocrx_word' id='word_1_108' title='bbox 1231 1179 1362 1210; x_wconf 81' lang='lat' dir='ltr'>gemma,</span> 
     </span>
     <span class='ocr_line' id='line_1_29' title="bbox 1008 1217 1509 1257; baseline -0.002 -7"><span class='ocrx_word' id='word_1_109' title='bbox 1008 1217 1066 1250; x_wconf 90' lang='lat' dir='ltr'>flos</span> <span class='ocrx_word' id='word_1_110' title='bbox 1084 1218 1195 1256; x_wconf 88' lang='lat' dir='ltr'>dulcis,</span> <span class='ocrx_word' id='word_1_111' title='bbox 1215 1217 1351 1249; x_wconf 83' lang='lat' dir='ltr'>amabile</span> <span class='ocrx_word' id='word_1_112' title='bbox 1367 1220 1509 1257; x_wconf 84' lang='lat' dir='ltr'>stemma,</span> 
     </span>
    </p>
   </div>
   <div class='ocr_carea' id='block_1_9' title="bbox 235 1265 1501 1445">
    <p class='ocr_par' dir='ltr' id='par_1_11' title="bbox 235 1265 1501 1445">
     <span class='ocr_line' id='line_1_30' title="bbox 235 1265 1255 1305; baseline -0.003 -7"><span class='ocrx_word' id='word_1_113' title='bbox 235 1268 265 1298; x_wconf 89' lang='lat'>5.</span> <span class='ocrx_word' id='word_1_114' title='bbox 291 1265 416 1305; x_wconf 83' lang='lat' dir='ltr'>Martyr</span> <span class='ocrx_word' id='word_1_115' title='bbox 440 1265 627 1304; x_wconf 87' lang='lat' dir='ltr'>Trudberte‚</span> <span class='ocrx_word' id='word_1_116' title='bbox 964 1266 987 1298; x_wconf 96' lang='lat' dir='ltr'>O</span> <span class='ocrx_word' id='word_1_117' title='bbox 1014 1273 1113 1304; x_wconf 86' lang='lat' dir='ltr'>sacer,</span> <span class='ocrx_word' id='word_1_118' title='bbox 1140 1273 1157 1296; x_wconf 95' lang='grc' dir='ltr'>ο</span> <span class='ocrx_word' id='word_1_119' title='bbox 1181 1272 1255 1295; x_wconf 85' lang='lat' dir='ltr'>care</span> 
     </span>
     <span class='ocr_line' id='line_1_31' title="bbox 338 1310 1501 1352; baseline -0.001 -9"><span class='ocrx_word' id='word_1_120' title='bbox 338 1312 456 1344; x_wconf 85' lang='lat' dir='ltr'>Christi</span> <span class='ocrx_word' id='word_1_121' title='bbox 481 1312 639 1343; x_wconf 85' lang='lat' dir='ltr'>miseratio</span> <span class='ocrx_word' id='word_1_122' title='bbox 664 1321 723 1352; x_wconf 86' lang='lat' dir='ltr'>per</span> <span class='ocrx_word' id='word_1_123' title='bbox 746 1315 779 1343; x_wconf 88' lang='lat' dir='ltr'>te</span> <span class='ocrx_word' id='word_1_124' title='bbox 1009 1312 1135 1344; x_wconf 87' lang='lat' dir='ltr'>Christo</span> <span class='ocrx_word' id='word_1_125' title='bbox 1152 1310 1341 1351; x_wconf 87' lang='lat' dir='ltr'>Trudberte,</span> <span class='ocrx_word' id='word_1_126' title='bbox 1368 1319 1501 1350; x_wconf 83' lang='lat' dir='ltr'>precare</span> 
     </span>
     <span class='ocr_line' id='line_1_32' title="bbox 293 1358 1217 1398; baseline -0.002 -8"><span class='ocrx_word' id='word_1_127' title='bbox 293 1358 359 1390; x_wconf 79' lang='lat' dir='ltr'>Nos</span> <span class='ocrx_word' id='word_1_128' title='bbox 385 1368 405 1390; x_wconf 85' lang='lat' dir='ltr'>a.</span> <span class='ocrx_word' id='word_1_129' title='bbox 428 1360 565 1398; x_wconf 89' lang='lat' dir='ltr'>peccatis</span> <span class='ocrx_word' id='word_1_130' title='bbox 964 1358 1065 1390; x_wconf 83' lang='lat' dir='ltr'>Nobis</span> <span class='ocrx_word' id='word_1_131' title='bbox 1092 1358 1217 1389; x_wconf 86' lang='lat' dir='ltr'>divinae</span> 
     </span>
     <span class='ocr_line' id='line_1_33' title="bbox 341 1403 1446 1445; baseline -0.001 -8"><span class='ocrx_word' id='word_1_132' title='bbox 341 1406 443 1437; x_wconf 85' lang='lat' dir='ltr'>solvat</span> <span class='ocrx_word' id='word_1_133' title='bbox 465 1406 633 1445; x_wconf 84' lang='lat' dir='ltr'>iungatque</span> <span class='ocrx_word' id='word_1_134' title='bbox 658 1405 769 1438; x_wconf 86' lang='lat' dir='ltr'>beatis.</span> <span class='ocrx_word' id='word_1_135' title='bbox 1011 1405 1140 1445; x_wconf 88' lang='lat' dir='ltr'>pietatis</span> <span class='ocrx_word' id='word_1_136' title='bbox 1165 1413 1257 1443; x_wconf 88' lang='lat' dir='ltr'>opem</span> <span class='ocrx_word' id='word_1_137' title='bbox 1281 1404 1350 1435; x_wconf 91' lang='lat' dir='ltr'>sine</span> <span class='ocrx_word' id='word_1_138' title='bbox 1373 1403 1446 1436; x_wconf 89' lang='lat' dir='ltr'>fine.</span> 
     </span>
    </p>
   </div>
   <div class='ocr_carea' id='block_1_10' title="bbox 189 1495 1517 1794">
    <p class='ocr_par' dir='ltr' id='par_1_12' title="bbox 189 1495 1517 1794">
     <span class='ocr_line' id='line_1_34' title="bbox 298 1495 1516 1533; baseline -0.001 -8"><span class='ocrx_word' id='word_1_139' title='bbox 298 1498 366 1525; x_wconf 81' lang='lat' dir='ltr'>God.</span> <span class='ocrx_word' id='word_1_140' title='bbox 396 1498 424 1525; x_wconf 89' lang='lat' dir='ltr'>S.</span> <span class='ocrx_word' id='word_1_141' title='bbox 450 1498 530 1524; x_wconf 86' lang='lat' dir='ltr'>Petri</span> <span class='ocrx_word' id='word_1_142' title='bbox 556 1497 754 1533; x_wconf 86' lang='lat' dir='ltr'>Salisburgen.</span> <span class='ocrx_word' id='word_1_143' title='bbox 783 1506 801 1524; x_wconf 89' lang='lat' dir='ltr'>a</span> <span class='ocrx_word' id='word_1_144' title='bbox 819 1498 862 1525; x_wconf 86' lang='lat' dir='ltr'>VI</span> <span class='ocrx_word' id='word_1_145' title='bbox 886 1495 930 1524; x_wconf 83' lang='lat'>52.</span> <span class='ocrx_word' id='word_1_146' title='bbox 952 1505 1026 1524; x_wconf 79' lang='lat' dir='ltr'>saec.</span> <span class='ocrx_word' id='word_1_147' title='bbox 1049 1495 1093 1524; x_wconf 86' lang='lat'>15.</span> <span class='ocrx_word' id='word_1_148' title='bbox 1117 1512 1154 1516; x_wconf 86' lang='lat'>-</span> <span class='ocrx_word' id='word_1_149' title='bbox 1180 1498 1223 1524; x_wconf 88' lang='lat' dir='ltr'>In</span> <span class='ocrx_word' id='word_1_150' title='bbox 1243 1495 1268 1524; x_wconf 89' lang='lat'>1.</span> <span class='ocrx_word' id='word_1_151' title='bbox 1290 1498 1396 1532; x_wconf 85' lang='lat' dir='ltr'>Vesp.</span> <span class='ocrx_word' id='word_1_152' title='bbox 1423 1497 1516 1533; x_wconf 83' lang='lat' dir='ltr'>Super</span> 
     </span>
     <span class='ocr_line' id='line_1_35' title="bbox 189 1534 1516 1570; baseline 0 -9"><span class='ocrx_word' id='word_1_153' title='bbox 189 1537 192 1540; x_wconf 91' lang='lat'>&#39;</span> <span class='ocrx_word' id='word_1_154' title='bbox 222 1543 265 1570; x_wconf 82' lang='lat' dir='ltr'>pS.</span> <span class='ocrx_word' id='word_1_155' title='bbox 287 1537 316 1562; x_wconf 85' lang='lat' dir='ltr'>et</span> <span class='ocrx_word' id='word_1_156' title='bbox 336 1535 372 1562; x_wconf 85' lang='lat' dir='ltr'>ad</span> <span class='ocrx_word' id='word_1_157' title='bbox 390 1535 487 1569; x_wconf 66' lang='lat' dir='ltr'>Magn.</span> <span class='ocrx_word' id='word_1_158' title='bbox 509 1536 574 1562; x_wconf 89' lang='lat' dir='ltr'>Ant.</span> <span class='ocrx_word' id='word_1_159' title='bbox 594 1535 758 1570; x_wconf 82' lang='lat' dir='ltr'>prosaisch3</span> <span class='ocrx_word' id='word_1_160' title='bbox 788 1535 834 1562; x_wconf 89' lang='lat' dir='ltr'>die</span> <span class='ocrx_word' id='word_1_161' title='bbox 856 1535 940 1570; x_wconf 45' lang='lat' dir='ltr'>abige</span> <span class='ocrx_word' id='word_1_162' title='bbox 963 1535 1006 1562; x_wconf 86' lang='lat' dir='ltr'>als</span> <span class='ocrx_word' id='word_1_163' title='bbox 1026 1535 1053 1561; x_wconf 81' lang='lat' dir='ltr'>R</span> <span class='ocrx_word' id='word_1_164' title='bbox 1071 1534 1254 1569; x_wconf 81' lang='lat' dir='ltr'>bezeichnet3</span> <span class='ocrx_word' id='word_1_165' title='bbox 1274 1535 1516 1562; x_wconf 77' lang='lat' dir='ltr'>wahrscheinlieh</span> 
     </span>
     <span class='ocr_line' id='line_1_36' title="bbox 222 1570 1515 1616; baseline 0.002 -18"><span class='ocrx_word' id='word_1_166' title='bbox 222 1572 426 1616; x_wconf 72' lang='lat' dir='ltr'>u1·:p1·iinglic11</span> <span class='ocrx_word' id='word_1_167' title='bbox 446 1571 467 1597; x_wconf 92' lang='grc' dir='ltr'>Α</span> <span class='ocrx_word' id='word_1_168' title='bbox 490 1572 651 1615; x_wconf 35' lang='lat' dir='ltr'>adnlMagn.⁷</span> <span class='ocrx_word' id='word_1_169' title='bbox 671 1572 738 1615; x_wconf 64' lang='lat' dir='ltr'>xyeil</span> <span class='ocrx_word' id='word_1_170' title='bbox 757 1573 807 1599; x_wconf 84' lang='lat' dir='ltr'>der</span> <span class='ocrx_word' id='word_1_171' title='bbox 827 1572 845 1596; x_wconf 86' lang='grc' dir='ltr'>Α</span> <span class='ocrx_word' id='word_1_172' title='bbox 865 1572 903 1615; x_wconf 69' lang='lat' dir='ltr'>ad</span> <span class='ocrx_word' id='word_1_173' title='bbox 925 1573 992 1599; x_wconf 86' lang='lat' dir='ltr'>Ben.</span> <span class='ocrx_word' id='word_1_174' title='bbox 1014 1572 1229 1607; x_wconf 83' lang='lat' dir='ltr'>entspreehend.</span> <span class='ocrx_word' id='word_1_175' title='bbox 1251 1587 1287 1591; x_wconf 91' lang='lat'>—</span> <span class='ocrx_word' id='word_1_176' title='bbox 1307 1573 1348 1599; x_wconf 88' lang='lat' dir='ltr'>In</span> <span class='ocrx_word' id='word_1_177' title='bbox 1368 1570 1393 1599; x_wconf 89' lang='lat'>1.</span> <span class='ocrx_word' id='word_1_178' title='bbox 1413 1573 1515 1616; x_wconf 50' lang='grc' dir='ltr'>,ΝΟ-οὑ.</span> 
     </span>
     <span class='ocr_line' id='line_1_37' title="bbox 221 1609 1517 1684; baseline 0.002 -11"><span class='ocrx_word' id='word_1_179' title='bbox 221 1609 568 1681; x_wconf 51' lang='grc' dir='ltr'>ἓῗῇὲιέἰηᾙιῗέἓείῗὲἔὲ</span> <span class='ocrx_word' id='word_1_180' title='bbox 586 1609 1150 1675; x_wconf 45' lang='grc' dir='ltr'>ἒςὲἷίἑψὲἓῃὲᾃιἪὲἓέΐέῖιῖἓῗεῖ</span> <span class='ocrx_word' id='word_1_181' title='bbox 1160 1610 1318 1674; x_wconf 51' lang='grc' dir='ltr'>..ῗὲἒὶῗὲᾒ</span> <span class='ocrx_word' id='word_1_182' title='bbox 1331 1609 1517 1684; x_wconf 50' lang='grc' dir='ltr'>ςῖὶιέὲρὲἑὲῗ-</span> 
     </span>
     <span class='ocr_line' id='line_1_38' title="bbox 226 1683 1516 1720; baseline 0.002 -10"><span class='ocrx_word' id='word_1_183' title='bbox 226 1683 387 1710; x_wconf 69' lang='lat' dir='ltr'>Sicherheit</span> <span class='ocrx_word' id='word_1_184' title='bbox 412 1683 557 1710; x_wconf 76' lang='lat' dir='ltr'>ermitteln</span> <span class='ocrx_word' id='word_1_185' title='bbox 582 1683 665 1716; x_wconf 67' lang='lat' dir='ltr'>lasst,</span> <span class='ocrx_word' id='word_1_186' title='bbox 690 1684 800 1711; x_wconf 84' lang='lat' dir='ltr'>welche</span> <span class='ocrx_word' id='word_1_187' title='bbox 823 1684 972 1719; x_wconf 76' lang='lat' dir='ltr'>Antiphon</span> <span class='ocrx_word' id='word_1_188' title='bbox 998 1693 1035 1711; x_wconf 87' lang='lat' dir='ltr'>zu</span> <span class='ocrx_word' id='word_1_189' title='bbox 1061 1684 1166 1720; x_wconf 84' lang='lat' dir='ltr'>tilgen,</span> <span class='ocrx_word' id='word_1_190' title='bbox 1191 1685 1307 1712; x_wconf 85' lang='lat' dir='ltr'>belasse</span> <span class='ocrx_word' id='word_1_191' title='bbox 1325 1686 1371 1712; x_wconf 82' lang='lat' dir='ltr'>ich</span> <span class='ocrx_word' id='word_1_192' title='bbox 1397 1685 1444 1712; x_wconf 86' lang='lat' dir='ltr'>die</span> <span class='ocrx_word' id='word_1_193' title='bbox 1463 1694 1516 1712; x_wconf 88' lang='lat' dir='ltr'>un-</span> 
     </span>
     <span class='ocr_line' id='line_1_39' title="bbox 225 1718 1517 1757; baseline 0.003 -10"><span class='ocrx_word' id='word_1_194' title='bbox 225 1721 349 1756; x_wconf 84' lang='lat' dir='ltr'>richtige</span> <span class='ocrx_word' id='word_1_195' title='bbox 367 1721 457 1756; x_wconf 75' lang='lat' dir='ltr'>Folge</span> <span class='ocrx_word' id='word_1_196' title='bbox 476 1721 526 1748; x_wconf 86' lang='lat' dir='ltr'>der</span> <span class='ocrx_word' id='word_1_197' title='bbox 545 1720 654 1754; x_wconf 80' lang='lat' dir='ltr'>Quelle.</span> <span class='ocrx_word' id='word_1_198' title='bbox 680 1736 719 1740; x_wconf 90' lang='lat'>—</span> <span class='ocrx_word' id='word_1_199' title='bbox 744 1719 763 1746; x_wconf 80' lang='lat' dir='ltr'>R</span> <span class='ocrx_word' id='word_1_200' title='bbox 785 1718 810 1755; x_wconf 86' lang='lat'>3,</span> <span class='ocrx_word' id='word_1_201' title='bbox 833 1719 850 1748; x_wconf 82' lang='grc'><strong>3</strong></span> <span class='ocrx_word' id='word_1_202' title='bbox 870 1722 1010 1757; x_wconf 75' lang='lat' dir='ltr'>Nil-maga</span> <span class='ocrx_word' id='word_1_203' title='bbox 1029 1722 1157 1749; x_wconf 84' lang='lat' dir='ltr'>fluvium.</span> <span class='ocrx_word' id='word_1_204' title='bbox 1182 1738 1218 1742; x_wconf 90' lang='lat'>—</span> <span class='ocrx_word' id='word_1_205' title='bbox 1244 1723 1285 1750; x_wconf 87' lang='lat' dir='ltr'>In</span> <span class='ocrx_word' id='word_1_206' title='bbox 1303 1723 1413 1750; x_wconf 84' lang='lat' dir='ltr'>Laud.</span> <span class='ocrx_word' id='word_1_207' title='bbox 1433 1724 1517 1751; x_wconf 82' lang='lat' dir='ltr'>Naeh</span> 
     </span>
     <span class='ocr_line' id='line_1_40' title="bbox 226 1756 906 1794; baseline 0.003 -10"><span class='ocrx_word' id='word_1_208' title='bbox 226 1758 281 1785; x_wconf 87' lang='lat' dir='ltr'>den</span> <span class='ocrx_word' id='word_1_209' title='bbox 301 1759 406 1794; x_wconf 75' lang='lat' dir='ltr'>obigen</span> <span class='ocrx_word' id='word_1_210' title='bbox 425 1756 472 1784; x_wconf 88' lang='grc' dir='ltr'>ΑΑ</span> <span class='ocrx_word' id='word_1_211' title='bbox 492 1758 588 1794; x_wconf 71' lang='lat' dir='ltr'>fulgen</span> <span class='ocrx_word' id='word_1_212' title='bbox 605 1758 680 1785; x_wconf 78' lang='lat' dir='ltr'>noch</span> <span class='ocrx_word' id='word_1_213' title='bbox 698 1758 763 1785; x_wconf 79' lang='lat' dir='ltr'>ft&#39;mf</span> <span class='ocrx_word' id='word_1_214' title='bbox 778 1760 906 1786; x_wconf 80' lang='lat' dir='ltr'>weitere:</span> 
     </span>
    </p>
   </div>
   <div class='ocr_carea' id='block_1_11' title="bbox 238 1822 1434 2152">
    <p class='ocr_par' dir='ltr' id='par_1_13' title="bbox 240 1822 1433 1974">
     <span class='ocr_line' id='line_1_41' title="bbox 240 1822 1350 1861; baseline 0.003 -11"><span class='ocrx_word' id='word_1_215' title='bbox 240 1822 264 1850; x_wconf 85' lang='lat'>1.</span> <span class='ocrx_word' id='word_1_216' title='bbox 285 1823 461 1850; x_wconf 70' lang='lat' dir='ltr'>Trudlnertus</span> <span class='ocrx_word' id='word_1_217' title='bbox 481 1823 629 1858; x_wconf 80' lang='lat' dir='ltr'>algoribus</span> <span class='ocrx_word' id='word_1_218' title='bbox 905 1822 931 1852; x_wconf 88' lang='lat'>3.</span> <span class='ocrx_word' id='word_1_219' title='bbox 953 1825 1079 1853; x_wconf 82' lang='lat' dir='ltr'>Caelesti</span> <span class='ocrx_word' id='word_1_220' title='bbox 1097 1826 1211 1861; x_wconf 83' lang='lat' dir='ltr'>pollens</span> <span class='ocrx_word' id='word_1_221' title='bbox 1230 1834 1350 1853; x_wconf 83' lang='lat' dir='ltr'>munere</span> 
     </span>
     <span class='ocr_line' id='line_1_42' title="bbox 282 1860 1364 1891; baseline 0.005 -4"><span class='ocrx_word' id='word_1_222' title='bbox 282 1861 433 1887; x_wconf 69' lang='lat' dir='ltr'>Confectus</span> <span class='ocrx_word' id='word_1_223' title='bbox 457 1863 486 1887; x_wconf 86' lang='lat' dir='ltr'>et</span> <span class='ocrx_word' id='word_1_224' title='bbox 504 1860 653 1888; x_wconf 83' lang='lat' dir='ltr'>laboribus</span> <span class='ocrx_word' id='word_1_225' title='bbox 953 1863 1007 1890; x_wconf 88' lang='lat' dir='ltr'>Vir</span> <span class='ocrx_word' id='word_1_226' title='bbox 1026 1866 1142 1891; x_wconf 80' lang='lat' dir='ltr'>sanetus</span> <span class='ocrx_word' id='word_1_227' title='bbox 1162 1866 1258 1891; x_wconf 85' lang='lat' dir='ltr'>terrae</span> <span class='ocrx_word' id='word_1_228' title='bbox 1277 1872 1364 1891; x_wconf 84' lang='lat' dir='ltr'>onere</span> 
     </span>
     <span class='ocr_line' id='line_1_43' title="bbox 280 1898 1361 1936; baseline 0.004 -12"><span class='ocrx_word' id='word_1_229' title='bbox 280 1898 347 1925; x_wconf 81' lang='lat' dir='ltr'>Etsi</span> <span class='ocrx_word' id='word_1_230' title='bbox 367 1898 513 1925; x_wconf 79' lang='lat' dir='ltr'>marcebat</span> <span class='ocrx_word' id='word_1_231' title='bbox 532 1906 660 1933; x_wconf 82' lang='lat' dir='ltr'>corpore,</span> <span class='ocrx_word' id='word_1_232' title='bbox 952 1901 1092 1928; x_wconf 85' lang='lat' dir='ltr'>Desertae</span> <span class='ocrx_word' id='word_1_233' title='bbox 1111 1902 1238 1929; x_wconf 83' lang='lat' dir='ltr'>Domino</span> <span class='ocrx_word' id='word_1_234' title='bbox 1259 1902 1361 1936; x_wconf 83' lang='lat' dir='ltr'>sitivit,</span> 
     </span>
     <span class='ocr_line' id='line_1_44' title="bbox 279 1936 1433 1974; baseline 0.003 -12"><span class='ocrx_word' id='word_1_235' title='bbox 279 1936 385 1963; x_wconf 85' lang='lat' dir='ltr'>Mentis</span> <span class='ocrx_word' id='word_1_236' title='bbox 403 1936 524 1971; x_wconf 79' lang='lat' dir='ltr'>vigebat</span> <span class='ocrx_word' id='word_1_237' title='bbox 544 1936 658 1963; x_wconf 80' lang='lat' dir='ltr'>robore.</span> <span class='ocrx_word' id='word_1_238' title='bbox 954 1939 1010 1972; x_wconf 79' lang='lat' dir='ltr'>Qui</span> <span class='ocrx_word' id='word_1_239' title='bbox 1030 1940 1124 1974; x_wconf 88' lang='lat' dir='ltr'>ipsum</span> <span class='ocrx_word' id='word_1_240' title='bbox 1146 1948 1181 1966; x_wconf 81' lang='lat' dir='ltr'>ex</span> <span class='ocrx_word' id='word_1_241' title='bbox 1199 1940 1318 1967; x_wconf 84' lang='lat' dir='ltr'>nomine</span> <span class='ocrx_word' id='word_1_242' title='bbox 1337 1940 1433 1966; x_wconf 84' lang='lat' dir='ltr'>scivit.</span> 
     </span>
    </p>

    <p class='ocr_par' dir='ltr' id='par_1_14' title="bbox 238 2000 1434 2152">
     <span class='ocr_line' id='line_1_45' title="bbox 238 2000 1326 2040; baseline 0.004 -13"><span class='ocrx_word' id='word_1_243' title='bbox 238 2000 263 2027; x_wconf 81' lang='lat'>2.</span> <span class='ocrx_word' id='word_1_244' title='bbox 283 2002 416 2028; x_wconf 79' lang='lat' dir='ltr'>Psallens</span> <span class='ocrx_word' id='word_1_245' title='bbox 435 2001 484 2028; x_wconf 88' lang='lat' dir='ltr'>hie</span> <span class='ocrx_word' id='word_1_246' title='bbox 503 2002 534 2028; x_wconf 90' lang='lat' dir='ltr'>in</span> <span class='ocrx_word' id='word_1_247' title='bbox 553 2002 668 2028; x_wconf 84' lang='lat' dir='ltr'>laetitia</span> <span class='ocrx_word' id='word_1_248' title='bbox 905 2001 933 2030; x_wconf 84' lang='lat'>4.</span> <span class='ocrx_word' id='word_1_249' title='bbox 952 2004 1101 2031; x_wconf 82' lang='lat' dir='ltr'>Laudetur</span> <span class='ocrx_word' id='word_1_250' title='bbox 1120 2004 1170 2031; x_wconf 87' lang='lat' dir='ltr'>hie</span> <span class='ocrx_word' id='word_1_251' title='bbox 1191 2012 1210 2031; x_wconf 87' lang='lat' dir='ltr'>a</span> <span class='ocrx_word' id='word_1_252' title='bbox 1228 2006 1326 2040; x_wconf 82' lang='lat' dir='ltr'>pueris</span> 
     </span>
     <span class='ocr_line' id='line_1_46' title="bbox 281 2038 1365 2077; baseline 0.004 -12"><span class='ocrx_word' id='word_1_253' title='bbox 281 2038 381 2066; x_wconf 75' lang='lat' dir='ltr'>Coi-dis</span> <span class='ocrx_word' id='word_1_254' title='bbox 404 2039 466 2066; x_wconf 87' lang='lat' dir='ltr'>Deo</span> <span class='ocrx_word' id='word_1_255' title='bbox 487 2040 635 2066; x_wconf 86' lang='lat' dir='ltr'>maestitia</span> <span class='ocrx_word' id='word_1_256' title='bbox 953 2041 1140 2074; x_wconf 82' lang='lat' dir='ltr'>Trudbertus,</span> <span class='ocrx_word' id='word_1_257' title='bbox 1162 2050 1218 2077; x_wconf 88' lang='lat' dir='ltr'>quo</span> <span class='ocrx_word' id='word_1_258' title='bbox 1243 2042 1365 2070; x_wconf 80' lang='lat' dir='ltr'>letiferis</span> 
     </span>
     <span class='ocr_line' id='line_1_47' title="bbox 280 2076 1434 2112; baseline 0.003 -9"><span class='ocrx_word' id='word_1_259' title='bbox 280 2076 400 2111; x_wconf 81' lang='lat' dir='ltr'>Fugata,</span> <span class='ocrx_word' id='word_1_260' title='bbox 421 2085 472 2111; x_wconf 90' lang='lat' dir='ltr'>pro</span> <span class='ocrx_word' id='word_1_261' title='bbox 494 2085 550 2111; x_wconf 91' lang='lat' dir='ltr'>quo</span> <span class='ocrx_word' id='word_1_262' title='bbox 571 2079 615 2104; x_wconf 87' lang='lat' dir='ltr'>est</span> <span class='ocrx_word' id='word_1_263' title='bbox 633 2078 729 2112; x_wconf 78' lang='lat' dir='ltr'>patria</span> <span class='ocrx_word' id='word_1_264' title='bbox 955 2078 1058 2105; x_wconf 83' lang='lat' dir='ltr'>Carnis</span> <span class='ocrx_word' id='word_1_265' title='bbox 1078 2079 1205 2106; x_wconf 87' lang='lat' dir='ltr'>motibus</span> <span class='ocrx_word' id='word_1_266' title='bbox 1225 2088 1285 2106; x_wconf 88' lang='lat' dir='ltr'>non</span> <span class='ocrx_word' id='word_1_267' title='bbox 1304 2081 1434 2108; x_wconf 86' lang='lat' dir='ltr'>vincitur</span> 
     </span>
     <span class='ocr_line' id='line_1_48' title="bbox 280 2113 1319 2152; baseline 0.004 -12"><span class='ocrx_word' id='word_1_268' title='bbox 280 2113 391 2147; x_wconf 83' lang='lat' dir='ltr'>Spreta,</span> <span class='ocrx_word' id='word_1_269' title='bbox 414 2115 475 2141; x_wconf 81' lang='lat' dir='ltr'>eius</span> <span class='ocrx_word' id='word_1_270' title='bbox 497 2116 588 2141; x_wconf 85' lang='lat' dir='ltr'>intrat</span> <span class='ocrx_word' id='word_1_271' title='bbox 607 2115 689 2141; x_wconf 82' lang='lat' dir='ltr'>atria.</span> <span class='ocrx_word' id='word_1_272' title='bbox 954 2116 1056 2151; x_wconf 67' lang='lat' dir='ltr'>Neque</span> <span class='ocrx_word' id='word_1_273' title='bbox 1074 2118 1148 2152; x_wconf 89' lang='lat' dir='ltr'>ipsis</span> <span class='ocrx_word' id='word_1_274' title='bbox 1168 2118 1319 2144; x_wconf 83' lang='lat' dir='ltr'>subicitur.</span> 
     </span>
    </p>
   </div>
   <div class='ocr_carea' id='block_1_12' title="bbox 679 2178 1122 2327">
    <p class='ocr_par' dir='ltr' id='par_1_15' title="bbox 679 2178 1122 2327">
     <span class='ocr_line' id='line_1_49' title="bbox 679 2178 1066 2217; baseline 0.005 -11"><span class='ocrx_word' id='word_1_275' title='bbox 679 2178 705 2207; x_wconf 84' lang='lat'>5.</span> <span class='ocrx_word' id='word_1_276' title='bbox 724 2180 900 2207; x_wconf 80' lang='lat' dir='ltr'>Exsultabat</span> <span class='ocrx_word' id='word_1_277' title='bbox 919 2181 951 2207; x_wconf 86' lang='lat' dir='ltr'>in</span> <span class='ocrx_word' id='word_1_278' title='bbox 970 2181 1066 2217; x_wconf 82' lang='lat' dir='ltr'>gloria</span> 
     </span>
     <span class='ocr_line' id='line_1_50' title="bbox 725 2218 1039 2253; baseline 0.006 -9"><span class='ocrx_word' id='word_1_279' title='bbox 725 2218 796 2244; x_wconf 87' lang='lat' dir='ltr'>Pius</span> <span class='ocrx_word' id='word_1_280' title='bbox 814 2218 1039 2253; x_wconf 83' lang='lat' dir='ltr'>triumphatoria</span> 
     </span>
     <span class='ocr_line' id='line_1_51' title="bbox 725 2255 1079 2290; baseline 0.008 -9"><span class='ocrx_word' id='word_1_281' title='bbox 725 2255 873 2290; x_wconf 83' lang='lat' dir='ltr'>Propitius</span> <span class='ocrx_word' id='word_1_282' title='bbox 894 2257 1079 2284; x_wconf 85' lang='lat' dir='ltr'>cantantibus</span> 
     </span>
     <span class='ocr_line' id='line_1_52' title="bbox 725 2293 1122 2327; baseline 0.008 -8"><span class='ocrx_word' id='word_1_283' title='bbox 725 2293 761 2320; x_wconf 89' lang='lat' dir='ltr'>In</span> <span class='ocrx_word' id='word_1_284' title='bbox 780 2293 921 2327; x_wconf 82' lang='lat' dir='ltr'>cymbalis</span> <span class='ocrx_word' id='word_1_285' title='bbox 942 2295 1122 2322; x_wconf 88' lang='lat' dir='ltr'>sonantibus.</span> 
     </span>
    </p>
   </div>
   <div class='ocr_carea' id='block_1_13' title="bbox 221 2357 1520 2432">
    <p class='ocr_par' dir='ltr' id='par_1_16' title="bbox 221 2357 1520 2432">
     <span class='ocr_line' id='line_1_53' title="bbox 223 2357 1520 2400; baseline 0.008 -17"><span class='ocrx_word' id='word_1_286' title='bbox 223 2358 266 2384; x_wconf 91' lang='lat' dir='ltr'>Zu</span> <span class='ocrx_word' id='word_1_287' title='bbox 290 2357 397 2384; x_wconf 82' lang='lat' dir='ltr'>diesem</span> <span class='ocrx_word' id='word_1_288' title='bbox 418 2357 551 2385; x_wconf 77' lang='lat' dir='ltr'>officium</span> <span class='ocrx_word' id='word_1_289' title='bbox 570 2359 617 2386; x_wconf 78' lang='lat' dir='ltr'>die</span> <span class='ocrx_word' id='word_1_290' title='bbox 636 2359 786 2394; x_wconf 84' lang='lat' dir='ltr'>Hymnen:</span> <span class='ocrx_word' id='word_1_291' title='bbox 806 2358 842 2385; x_wconf 86' lang='lat' dir='ltr'>In</span> <span class='ocrx_word' id='word_1_292' title='bbox 863 2358 887 2386; x_wconf 90' lang='lat'>1.</span> <span class='ocrx_word' id='word_1_293' title='bbox 901 2360 988 2393; x_wconf 89' lang='lat' dir='ltr'>Vesp.</span> <span class='ocrx_word' id='word_1_294' title='bbox 1009 2364 1039 2388; x_wconf 85' lang='lat' dir='ltr'>et</span> <span class='ocrx_word' id='word_1_295' title='bbox 1049 2361 1154 2388; x_wconf 64' lang='lat' dir='ltr'>Laud:</span> <span class='ocrx_word' id='word_1_296' title='bbox 1175 2362 1288 2391; x_wconf 81' lang='lat' dir='ltr'>Gaudio</span> <span class='ocrx_word' id='word_1_297' title='bbox 1303 2364 1398 2400; x_wconf 87' lang='lat' dir='ltr'>plenis</span> <span class='ocrx_word' id='word_1_298' title='bbox 1413 2368 1520 2396; x_wconf 77' lang='lat' dir='ltr'>animis</span> 
     </span>
     <span class='ocr_line' id='line_1_54' title="bbox 221 2393 1239 2432; baseline 0.005 -10"><span class='ocrx_word' id='word_1_299' title='bbox 221 2395 315 2430; x_wconf 74' lang='lat' dir='ltr'>(Anal.</span> <span class='ocrx_word' id='word_1_300' title='bbox 337 2395 387 2428; x_wconf 81' lang='lat' dir='ltr'>IV,</span> <span class='ocrx_word' id='word_1_301' title='bbox 407 2404 435 2430; x_wconf 89' lang='lat' dir='ltr'>p.</span> <span class='ocrx_word' id='word_1_302' title='bbox 458 2393 535 2431; x_wconf 47' lang='lat' dir='ltr'>240ss</span> <span class='ocrx_word' id='word_1_303' title='bbox 556 2396 651 2423; x_wconf 87' lang='lat' dir='ltr'>ferner</span> <span class='ocrx_word' id='word_1_304' title='bbox 670 2396 717 2423; x_wconf 87' lang='lat' dir='ltr'>die</span> <span class='ocrx_word' id='word_1_305' title='bbox 737 2396 874 2431; x_wconf 83' lang='lat' dir='ltr'>Hymnen</span> <span class='ocrx_word' id='word_1_306' title='bbox 892 2398 976 2426; x_wconf 78' lang='lat' dir='ltr'>Anal.</span> <span class='ocrx_word' id='word_1_307' title='bbox 992 2398 1043 2432; x_wconf 83' lang='lat' dir='ltr'>IV,</span> <span class='ocrx_word' id='word_1_308' title='bbox 1065 2399 1116 2427; x_wconf 62' lang='lat' dir='ltr'>NP.</span> <span class='ocrx_word' id='word_1_309' title='bbox 1135 2397 1192 2427; x_wconf 81' lang='lat'>462</span> <span class='ocrx_word' id='word_1_310' title='bbox 1211 2400 1239 2427; x_wconf 87' lang='lat' dir='ltr'>ff.</span> 
     </span>
    </p>
   </div>
  </div>
 </body>
</html>
