1655 2534
283 193 397 231 Docet,
423 191 525 231 aegris
545 190 616 230 plus
634 198 726 230 quam
743 189 827 220 sanis

330 239 415 278 Opus
443 237 512 269 fore
535 237 646 277 gratia.

242 320 249 327 .
279 295 318 327 In
347 293 449 335 figura
471 293 649 333 prophetali

285 341 349 373 Sub
374 340 474 381 figura
498 338 622 370 bestiali

334 387 541 425 Comparatus
565 385 693 424 homini,

287 436 380 467 quta
404 432 524 465 formae
547 432 700 463 rationem

285 481 379 512 Texit
402 479 632 520 generationem

335 526 443 559 Carnis
471 524 586 558 Christi
611 524 744 567 Domini,

249 598 256 604 .
288 573 337 605 Sic
364 572 551 611 promissum
570 571 686 610 probat
700 571 828 601 missum

284 620 376 651 Hunc
399 618 548 650 Messiam
573 625 630 656 per
653 617 788 648 Mariam

331 665 516 696 Iudaeorum
542 662 684 704 germini.

400 754 444 783 Ad
462 755 641 790 Magnificat.

243 846 251 854 .
284 822 399 860 Pange,
422 821 508 860 Sion,

324 867 418 899 laude
441 867 607 906 magnifica

281 914 455 946 Salvatoris

329 963 417 999 gesta
439 959 584 1001 mirifica,

284 1007 343 1046 Qui
368 1007 564 1039 Matthaeum

330 1053 370 1084 de
393 1056 478 1085 sorte
497 1054 626 1093 publica

282 1100 418 1139 Dignum
444 1097 553 1142 [sorte]

333 1146 388 1177 dat
412 1147 601 1186 evangelica.

338 1276 400 1307 Ad
425 1276 688 1310 Matutinum.

419 1349 613 1385 Antiphonae.

252 1431 260 1439 ,
287 1406 419 1446 Glangas
444 1406 541 1438 sacris
565 1408 599 1439 in
626 1408 791 1450 Matthaei,

332 1452 423 1484 Tuba
445 1454 618 1492 neomenia,

284 1499 430 1530 Laudent
451 1499 536 1540 iusti,
563 1503 692 1538 sperent
715 1501 763 1532 rei

334 1544 384 1576 'De
406 1546 530 1585 peceati
552 1546 653 1577 venia.

258 1625 266 1633 .
292 1602 375 1633 Vere
397 1608 493 1632 verax
517 1601 682 1633 salvatoris

335 1647 491 1679 Probatur
511 1648 660 1679 assertio:

288 1693 369 1725 Nolo
394 1696 526 1724 mortem
549 1695 735 1736 peccatoris,

334 1739 395 1772 Sed
421 1740 527 1779 placet
551 1741 723 1773 conversio.

254 1823 261 1830 ,
285 1794 368 1826 Vice
389 1794 521 1834 fungens
546 1797 701 1828 exactoris

333 1842 420 1874 Fisci
444 1842 491 1872 rei
513 1842 666 1886 publicae,

286 1890 397 1920 Artem
418 1891 518 1920 mutat
541 1891 706 1921 assertoris

332 1935 426 1968 Fidei
453 1935 633 1967 catholicae.

253 2017 261 2024 .
288 1991 478 2023 Inclamatus
503 1994 584 2030 tuae,
609 1992 744 2035 Christe,

335 2038 429 2070 Vocis
453 2038 495 2069 ad
518 2037 685 2078 imperium

290 2085 397 2124 Surgit
422 2086 454 2116 et
478 2085 688 2125 evangelistae

334 2131 427 2164 Subit
449 2131 668 2165 ministerium.

253 2215 261 2222 .
288 2187 383 2219 Verbi
406 2190 494 2228 gesta
513 2188 669 2222 incarnati

335 2234 497 2275 Stringens
520 2235 554 2266 in
578 2236 745 2279 volumine,

290 2281 406 2313 Pandit
428 2281 558 2321 stirpem
582 2285 749 2324 propagati

335 2327 385 2364 De
408 2329 507 2367 regali
531 2330 679 2370 germine.

900 189 929 220 6.
953 187 1060 220 Primo
1087 185 1202 217 docens
1227 185 1259 216 in
1290 182 1420 222 Iudaea,

1011 234 1089 265 Post
1114 233 1146 264 in
1169 229 1369 268 Macedonia,

965 281 1087 320 Lingua¹
1110 277 1265 319 prompsit
1290 277 1322 308 in
1347 275 1494 308 Hebraea

1009 326 1149 359 Messiae
1171 325 1351 364 praeconia.

1096 410 1301 447 Responsoria.

902 479 932 511 1.
958 477 1033 509 zelo
1059 476 1183 508 fervens
1210 475 1340 514 pietatis

1004 524 1034 554 A
1059 523 1172 563 primis
1198 521 1332 553 ecclesia

961 570 1168 610 Repulsaque
1193 567 1356 599 caecitatis

1004 617 1145 648 Iudaeae
1168 614 1304 653 perfidia

959 663 1087 704 Sparsit
1110 670 1215 693 semen
1241 661 1385 693 veritatis

1003 710 1067 741 Per
1090 709 1178 740 orbis
1202 706 1348 747 confinia,

885 757 923 790 V.
955 756 1063 789 Missis
1088 755 1178 787 verbi
1202 755 1367 787 destinatis

1004 803 1079 835 Cum
1103 803 1263 842 signorum
1289 803 1380 841 copia

957 851 995 883 In
1020 848 1177 881 Matthaei
1200 850 1319 880 sortem
1343 850 1442 888 gratis

1000 895 1103 928 Cessit
1125 895 1307 935 Aethiopia.

895 964 928 995 2.
952 963 991 995 In
1016 961 1075 993 hac
1098 960 1218 992 dudum
1243 960 1425 994 dementata

1001 1007 1147 1039 Fictione
1170 1006 1293 1048 magica

956 1055 1041 1087 Gens
1066 1054 1193 1086 errabat
1219 1057 1388 1087 excaecata

998 1100 1128 1132 Fraude
1153 1100 1319 1142 diabolica,

954 1148 1039 1179 Vera
1064 1147 1196 1179 credens
1222 1146 1388 1181 obfuscata

1001 1193 1114 1233 Specie
1137 1194 1347 1237 phantastica,
1388 1204 1391 1207 ·

885 1243 924 1276 V.
956 1241 1019 1273 Sed
1041 1241 1179 1273 errantis
1202 1241 1355 1273 miserata

1000 1287 1108 1319 Plebis
1133 1288 1234 1319 virtus
1260 1287 1351 1321 deiea

953 1334 1041 1366 Luce
1064 1334 1145 1366 fucis
1174 1334 1363 1367 adumbrata

1001 1381 1124 1421 Purgas
1151 1382 1343 1421 evangelica.

899 1438 931 1469 3.
958 1437 1041 1475 Quos
1068 1436 1199 1469 Cosroes
1226 1440 1258 1468 et
1281 1438 1451 1477 Arphaxat

1004 1483 1098 1523 Ligat
1118 1486 1189 1514 astu
1215 1484 1372 1524 carminis,

958 1530 1026 1561 Hos
1049 1530 1231 1561 Matthaeus
1255 1539 1329 1562 mox
1347 1533 1470 1565 relaxat

1003 1577 1041 1609 In
1065 1576 1182 1608 virtute
1205 1578 1353 1619 numinis,

957 1623 1052 1663 Signo
1078 1624 1266 1664 consignans
1293 1625 1460 1659 dumtaxat

1004 1670 1140 1702 Pretiosi
1163 1671 1318 1712 nomini-'33

886 1717 925 1750 V.
958 1717 1040 1756 Quos
1061 1717 1203 1749 diversus
1230 1718 1321 1750 dolor
1345 1722 1435 1752 taxat

1003 1763 1050 1795 Ob
1075 1766 1197 1795 reatum
1223 1765 1373 1806 eriminiS,

956 1810 1024 1843 Hos
1048 1811 1229 1843 Matthaeus
1251 1812 1337 1846 vima
1360 1814 1449 1847 laxat

1003 1857 1082 1889 Fusi
1108 1857 1225 1889 Christi
1249 1861 1420 1900 sanguinis.

902 1915 934 1946 4.
959 1914 1013 1944 Ad
1037 1913 1116 1944 haec
1140 1914 1209 1944 visa
1233 1914 1432 1950 tabescentes

1005 1959 1094 1999 Magi
1113 1960 1199 1991 vires
1224 1962 1374 1995 exserunt

955 2005 1001 2037 Et
1026 2004 1177 2038 confundi
1200 2007 1407 2047 gemiscentes

1006 2052 1059 2083 Aa
1085 2052 1213 2084 fraudes
1233 2063 1269 2085 se
1294 2056 1471 2098 conferunt,

962 2100 1044 2131 Dum
1067 2099 1219 2131 dracones
1243 2100 1492 2138 flammescentes

1005 2145 1044 2178 In
1067 2144 1264 2179 Matthaeum
1288 2149 1454 2193 ingerunt;

888 2193 927 2225 V.
959 2192 1053 2233 Signo
1080 2193 1181 2225 crucis
1206 2192 1389 2229 fatiscentes

1008 2239 1079 2271 Vim
1102 2241 1237 2272 nocendi
1265 2242 1423 2287 deserunt,

961 2287 1065 2326 Atque
1088 2295 1197 2319 somno
1220 2291 1439 2329 torpescentes

1009 2332 1128 2367 Christi
1151 2343 1266 2368 numen
1289 2345 1445 2377 asserunt.
