1655 2534
653 105 887 141 -13-

166 227 175 236 .
199 200 364 234 Domimus
387 202 542 245 reynavz't,

201 248 247 280 Et
272 247 408 280 exsultet
431 248 575 288 ecclesia,

201 295 285 327 Dum
309 295 493 335 Margareta
515 298 625 328 tenera

203 341 388 375 Adorantes
412 342 574 381 sculptilia

202 389 288 421 Voce
313 389 443 421 damnat
462 389 566 421 libera

201 435 246 467 In
269 435 453 468 simulacris
476 436 555 469 suis.

167 518 176 527 .
205 491 343 525 Cantate
365 492 520 533 Domino,

202 539 262 580 Qui
286 539 459 571 recordans
481 539 624 572 veritatis

203 586 350 619 Salutare
371 587 501 618 missum
525 586 623 627 gratis

204 633 340 665 Revelat
364 642 423 673 per
447 633 672 673 Margaretam,

203 681 303 720 Quam
325 679 441 712 fortem
460 682 590 720 stupent
605 679 757 711 athletam

205 726 322 759 mees
346 726 478 758 termini
500 729 617 759 terrae.

343 791 551 826 Responsoria.

172 862 178 870 .
205 839 304 879 Virgo
328 841 438 871 sancta
462 838 524 870 Dei

203 886 389 926 Margareta
414 886 488 918 dum
512 885 644 917 nutricis

203 933 287 965 Suae
310 932 462 973 pascebat
486 940 570 975 oves»,

203 979 352 1020 Olybrius
372 979 530 1011 transiens

204 1026 298 1059 Dixit
320 1025 473 1058 ministris
500 1026 581 1057 suis:

203 1074 367 1106 Adducite
389 1073 468 1105 mihi
491 1072 590 1112 illam,

203 1120 277 1153 Erit
299 1120 377 1152 mihi
403 1120 596 1162 concubina3

163 1192 171 1202 .
201 1167 240 1200 Si
259 1170 304 1200 est
320 1168 430 1207 libera,
456 1166 617 1207 accipiam
633 1174 706 1199 eam
719 1167 757 1199 in

203 1223 355 1258 umorem,
404 1214 435 1247 si
483 1214 590 1246 autem
632 1212 757 1246 servilis

202 1262 277 1294 dato
298 1260 416 1302 pretio.

169 1342 177 1350 .
203 1318 228 1351 Ο
256 1326 333 1350 crux
355 1319 466 1350 sancta
489 1316 656 1357 mirabilis,

204 1365 300 1399 Cuius
325 1365 374 1397 vis
399 1367 447 1396 est
470 1362 623 1395 terribilis

202 1412 449 1444 Daemoniorum
474 1410 600 1453 agmini,

202 1459 266 1491 Per
290 1466 385 1498 quam
408 1457 525 1490 victrix
542 1457 737 1498 Margareta‚

201 1506 381 1538 Draconem
407 1505 481 1537 dum
505 1504 611 1547 scidit,
637 1505 722 1537 laeta

202 1553 372 1587 Collaudat
394 1560 509 1585 nomen
532 1551 671 1586 Domini.

162 1627 170 1635 .
199 1600 245 1632 In
279 1602 309 1632 te
332 1599 482 1633 immicos
506 1601 633 1632 nostros
657 1599 755 1631 venti-

199 1647 339 1680 labimus
371 1656 473 1680 cornu
504 1648 534 1678 et
563 1646 602 1678 im
625 1646 756 1679 nomine

200 1697 254 1728 tuo
279 1702 471 1735 spernamus
493 1694 695 1735 insumentes
718 1694 756 1727 im

197 1741 303 1776 nobis.

165 1824 173 1833 .
200 1798 324 1839 Spretis
348 1797 519 1838 illecebris,

245 1855 265 1878 o
288 1845 474 1885 Margareta
495 1844 641 1886 celebris,

198 1893 265 1925 Iam
289 1895 356 1925 toto
380 1892 498 1925 mundo

246 1939 317 1974 vitii
338 1948 398 1972 nos
422 1939 511 1972 solve
534 1938 705 1981 profunde,

156 2013 165 2021 .
195 1987 262 2020 Nos
288 1988 441 2028 coniunge
465 1987 546 2028 Deo,

243 2037 366 2076 martyr
390 2035 560 2077 praeclara
586 2034 751 2076 trophaeo.

292 2121 338 2153 In
362 2119 592 2153 Laudibus,

340 2185 537 2222 Antiphonae.

161 2260 169 2269 .
196 2234 348 2277 Olybrius
372 2242 503 2275 praeses
528 2234 614 2267 viam

194 2282 280 2315 Dum
307 2291 416 2315 versus
440 2280 644 2315 Antiochiam

193 2331 297 2371 Fecit,
322 2329 461 2364 habebat
487 2329 613 2363 obviam

196 2377 317 2411 Christi
348 2386 498 2421 sponsam
522 2377 749 2416 Margaretam.

823 202 855 233 2.

812 1111 853 1143 A.

882 200 977 234 Cuius
1000 200 1050 233 illi
1075 201 1190 233 decens
1217 200 1312 232 decor

880 249 999 280 Amore
1021 255 1173 287 perurens
1197 247 1283 279 iecor

882 294 983 336 Cogit,
997 297 1033 327 ut
1040 294 1122 326 hanc
1129 303 1278 334 sponsam
1289 297 1430 334 quaerat,

882 342 967 381 Quae
991 349 1026 373 se
1051 341 1176 374 Christo
1200 341 1263 373 iam
1288 344 1428 374 voverat.

880 407 1007 439 Nuntiis
1031 407 1079 438 sic
1104 406 1201 439 dixit:
1227 406 1276 437 Ite

881 454 926 487 Et
951 455 990 486 de
1014 454 1120 494 puella
1145 453 1295 493 quaerite,

880 501 931 533 De
954 504 1047 544 statu,
1074 503 1162 532 secta
1186 499 1306 541 discite,

881 549 927 582 Ut
949 556 1066 589 sponsa
1090 547 1140 591 sit,
1162 546 1321 579 adducite.

881 614 992 653 Legati
1013 613 1101 646 iussa
1122 612 1298 652 perferunt,

882 660 946 693 Sed
971 661 1010 692 de
1035 668 1186 692 consensu
1210 659 1341 699 virginis

882 708 1048 747 Responsa
1071 716 1162 739 cassa
1183 705 1336 745 referunt,

883 755 981 794 Quam
1005 754 1108 788 vinxit
1131 763 1218 786 amor
1241 752 1386 787 numinis

850 843 856 851 .
882 820 968 851 Hinc
991 821 1028 851 ut
1051 828 1161 851 aurum
1183 820 1217 851 in
1241 817 1371 851 fornace

880 866 1047 905 Probatur,
1074 875 1143 898 cum
1167 875 1230 898 non
1255 866 1365 897 vivace

884 913 990 944 Poena
1014 912 1102 953 virgo
1129 912 1306 944 concutitur

881 959 949 991 Nec
972 960 1122 999 praemiis
1147 958 1295 992 allicitur.

996 1042 1041 1070 Ad
1061 1041 1243 1070 Benedictus.

883 1111 908 1143 Ο
935 1109 1053 1142 Christi
1077 1118 1223 1149 sponsam
1248 1108 1384 1152 vigilem,

883 1158 907 1190 O
932 1157 1147 1198 Margaretam
1171 1155 1318 1195 nobilem,

883 1204 967 1236 Dum
991 1212 1124 1243 sponsus
1149 1202 1251 1236 noctis
1275 1202 1380 1235 medio

884 1251 980 1283 Venit
1002 1250 1139 1282 clamore
1157 1250 1298 1292 praevio,

884 1298 922 1330 In
946 1306 1022 1330 vase
1046 1295 1151 1329 ferens
1174 1297 1274 1329 oleum

885 1344 1032 1385 Suscepit
1055 1344 1224 1376 Dominum
1248 1343 1361 1376 Deum.

950 1457 996 1488 In
1021 1458 1052 1490 2.
1080 1457 1188 1496 Vesp
1201 1456 1298 1489 eris.

1000 1540 1094 1576 Super
1120 1540 1260 1567 Psalmos.

882 1609 961 1651 Ave,
988 1607 1243 1648 praeclarissima

880 1655 979 1695 Virgo
1001 1654 1195 1696 Margareta,

883 1703 969 1742 Quae
994 1702 1099 1735 vicisti
1122 1702 1315 1734 daemonem¹

881 1750 920 1782 In
944 1758 1075 1782 carcere
1097 1750 1250 1782 latentem

880 1797 924 1829 Et
948 1795 1144 1837 praefectum
1166 1795 1330 1837 olybrium

881 1844 1060 1877 Crudeliter
1082 1847 1264 1887 tonantem3

881 1892 906 1924 Ο
931 1894 1067 1933 patrona
1091 1891 1271 1932 splendida,

881 1939 1034 1972 Castitate
1057 1939 1206 1979 candida,

880 1986 1039 2019 Theodosi
1063 1985 1138 2025 filia,

881 2035 951 2067 Tua
974 2042 1071 2074 prece
1094 2042 1151 2066 nos
1176 2032 1302 2071 adiuva,

882 2081 928 2114 Ut
951 2085 1025 2121 post
1048 2081 1127 2112 haec
1152 2079 1265 2112 exsilia

880 2128 999 2160 Tecum
1024 2127 1121 2160 simus
1145 2126 1179 2158 in
1204 2126 1315 2167 gloria.

997 2209 1043 2238 Ad
1063 2209 1242 2248 Magnificat.

808 2280 849 2315 A,
879 2279 904 2312 Ο
930 2278 1066 2320 benigna
1089 2278 1282 2322 Margareta,

881 2326 1001 2359 Christi
1024 2327 1149 2367 martyr
1174 2328 1207 2359 et
1230 2326 1361 2367 athleta,

880 2374 981 2408 Hoste
1005 2374 1100 2418 victo,
1126 2376 1228 2408 morte
1252 2376 1362 2416 spreta
