1655 2534
246 336 284 366 V.

310 240 424 273 Fidem
445 240 576 281 speique
600 239 720 280 galeam

315 288 520 327 Iustitiaeque
541 287 691 327 loricam3

317 335 413 366 Vobis
440 334 545 365 datum
572 335 619 364 est
642 332 738 363 edere

315 381 366 413 De
387 381 472 420 ligno
496 380 580 411 vitae
603 385 765 418 prospere,

316 428 379 460 Pro
402 427 492 458 nobis
516 434 637 465 quoque
660 426 768 464 petere

316 473 495 513 Dignemini
518 475 550 503 et
572 479 716 511 propere.

316 529 405 561 Sicut
427 529 472 559 sol
494 528 569 559 iusti
593 526 767 566 fulgebunt,

318 576 461 614 Quosque
483 575 587 605 nullus
612 575 721 613 tanget
743 573 857 610 aestus,

315 622 360 654 Et
381 622 414 652 iu
438 629 545 652 mensa
570 618 792 660 consedebunt,

318 667 436 706 Quibus
460 666 651 697 ministrabit
675 665 828 702 Christus,

317 715 459 746 Perenne
484 713 602 743 donans
624 711 789 751 gaudium3

316 761 431 791 Vestra
454 759 522 790 laus
538 758 624 789 Deus
649 759 696 788 est
712 765 859 796 summus,

318 807 448 844 Corona,
473 805 528 836 lux
552 807 584 835 et,
607 804 780 843 praemium

315 853 361 884 Et
383 851 537 883 mercedis
561 851 646 883 vitae
668 859 821 889 nummus,

317 900 375 939 Qui
400 901 448 929 est
471 906 562 929 omne
585 898 744 929 solacium.

318 956 383 987 Vos
410 954 484 986 esus
509 957 613 985 turres
636 953 775 993 Domini,

320 1002 379 1040 Qui
403 1001 606 1032 adversantes
633 1000 778 1032 daemoni

322 1048 467 1080 Cessistis
494 1047 566 1079 divo
590 1047 710 1087 lumini,

320 1095 373 1126 Ad
397 1094 482 1125 bella
505 1102 662 1133 nunquam
685 1093 804 1132 pavidi,

320 1141 383 1172 Sed
407 1148 531 1179 semper
554 1140 653 1180 magis
678 1138 805 1178 fervidi,

324 1187 437 1219 Castra
457 1195 520 1218 non
546 1186 703 1218 debellata

323 1233 552 1272 Columnaeque
574 1232 759 1271 immobiles,

322 1280 385 1311 Vos
408 1282 512 1311 turma
534 1280 676 1311 laureata

320 1327 447 1366 Vosque
469 1326 580 1357 invicti
603 1326 735 1366 pugiles.

382 1449 430 1479 In
453 1448 484 1479 3.
511 1447 739 1479 Nocturno.

461 1520 506 1546 Ad
526 1520 655 1547 Cantica.

324 1575 439 1614 Verbo,
461 1576 526 1607 vita
552 1578 583 1606 et,
606 1576 757 1615 sanguine

325 1622 385 1653 isti
409 1621 543 1653 confessi
566 1622 734 1653 Dominum

328 1668 420 1699 Omni
442 1668 534 1706 pulsa
557 1667 725 1699 formidine

328 1713 400 1745 Hoc
424 1714 622 1745 calcaverunt
647 1715 814 1745 saeculum.

460 1797 664 1832 Responsoria.

336 1865 412 1904 Ave,
438 1862 531 1893 stella
553 1862 689 1901 radiosa,

329 1909 424 1948 Virgo
447 1909 549 1940 nitens
574 1911 606 1939 et
629 1907 775 1950 formosa,

330 1955 448 1988 Christi
471 1964 588 1994 sponsa
611 1955 756 1995 gloriosa,
778 1973 784 1979 ι

327 2002 376 2034 Tu
401 2010 433 2033 es
457 2011 562 2033 murus
587 2000 673 2032 facta
696 2000 798 2041 fortis,

328 2048 437 2080 Turris
461 2057 556 2088 passa
580 2057 703 2079 crucem
725 2049 853 2088 mortis;

328 2095 463 2127 Pulchra
487 2104 635 2134 sponsum
660 2095 841 2134 vulnerasti,

330 2142 457 2181 Quando
481 2142 584 2181 ipsum
609 2142 774 2182 adamasti,

328 2189 389 2219 Per
413 2198 504 2228 quem
528 2198 641 2228 corpus
666 2189 837 2220 cruentasti

328 2235 372 2266 Et
395 2238 427 2266 te
448 2236 550 2275 ipsam
573 2236 752 2270 immolasti.

272 2294 305 2326 2,
328 2291 423 2330 Ecce,
447 2292 553 2330 proles
576 2292 637 2324 Dei
659 2292 772 2333 patris,

332 2337 489 2369 Summum
515 2339 609 2370 decus
632 2340 786 2379 veritatis,

331 2384 415 2416 Fons
439 2386 553 2417 amoris
578 2386 662 2418 vitae
685 2386 782 2426 gratis

987 233 1033 265 Te
1057 232 1090 264 in
1115 231 1198 263 ulnis
1224 228 1360 261 elevavit

985 280 1032 311 Et
1054 280 1089 310 in
1115 278 1210 310 caelis
1235 274 1417 315 coronavit3

949 354 956 361 .
987 326 1090 364 Felix,
1116 326 1217 365 virgo,
1243 324 1349 355 lumen
1374 321 1450 352 solis

987 373 1146 412 Respectu
1171 379 1300 403 caenum
1326 370 1375 399 est.
1397 367 1508 407 prolis,

989 419 1088 451 Cuius
1112 418 1227 450 frueris
1252 415 1367 448 amoris
1463 453 1469 459 Ι

990 467 1082 498 Vitae
1105 465 1193 505 pacis
1219 466 1250 495 et
1275 461 1425 495 dulcoris.

954 557 961 564 .
986 532 1048 571 En,
1076 531 1198 562 cantica
1220 528 1362 560 laetitiae

987 577 1126 609 Nostrae
1150 584 1273 616 quoque
1295 574 1429 605 militiae

987 624 1089 655 Hoste
1112 624 1197 655 victo
1220 621 1381 661 nequitiae

990 670 1158 703 Cantamus
1183 678 1288 700 coram
1313 668 1448 699 Domino

985 718 1149 757 Regnante
1172 716 1241 747 sine
1264 714 1409 754 termino,

949 789 957 796 .
985 765 1023 797 In
1048 763 1174 803 organis
1199 765 1232 794 et
1256 762 1386 793 citharis

990 810 1117 843 Cunctis
1144 809 1277 842 devictis
1298 808 1441 840 hostibus

988 857 1033 889 Et
1053 857 1205 889 mentium
1228 855 1379 896 tripudiis

990 904 1068 936 Cum
1093 903 1233 936 dilatatis
1260 901 1421 934 cordibus.

958 998 965 1005 .
990 970 1137 1010 Expletis
1160 969 1254 1000 bellis
1278 967 1397 999 inclitis

992 1018 1069 1050 Cum
1093 1016 1200 1056 palma
1224 1023 1348 1046 sursum
1371 1013 1515 1053 pergitis,

993 1064 1054 1095 Per
1076 1064 1199 1103 plateas
1226 1061 1403 1094 discurritis

993 1110 1118 1142 Christo
1142 1110 1241 1141 melos
1266 1108 1482 1140 dulcissimum

994 1157 1149 1189 Canentes
1173 1157 1207 1187 in
1231 1158 1438 1195 perpetuum;

953 1232 960 1238 .
990 1203 1104 1235 Estote
1125 1203 1226 1234 nostri
1250 1210 1414 1243 memores,

994 1250 1019 1282 O
1044 1250 1173 1289 gloriosi
1197 1252 1363 1288 martyres,

990 1297 1054 1328 Pro
1079 1296 1170 1327 nobis
1196 1304 1307 1335 preces
1331 1294 1468 1335 fundite,

990 1342 1043 1374 Ab
1069 1344 1159 1374 hoste
1180 1351 1238 1374 nos
1264 1343 1389 1381 eripite.

1079 1481 1124 1512 In
1148 1481 1378 1515 Laudibus,

1144 1564 1338 1599 Antiphonae.

963 1655 970 1662 .
994 1630 1203 1669 Triumphum
1224 1630 1303 1661 belli
1328 1631 1480 1671 canimus,

995 1676 1147 1715 Magnum
1170 1676 1285 1708 festum
1308 1678 1500 1718 peragimus,

996 1722 1079 1754 Dum
1104 1723 1220 1755 fratres
1245 1724 1347 1755 nostri
1373 1724 1510 1756 caelibes

995 1770 1090 1802 Facti
1113 1773 1187 1819 sunt
1211 1771 1270 1802 Dei
1295 1774 1462 1811 martyres.

964 1861 971 1868 .
996 1835 1128 1867 Athleta
1153 1835 1271 1867 Christi
1296 1837 1445 1869 Placidus

996 1882 1118 1913 Poenas
1141 1892 1200 1922 pro
1226 1883 1352 1915 Christo
1377 1882 1504 1916 fortiter

996 1928 1041 1959 Et
1065 1929 1178 1961 Flavia
1200 1939 1270 1961 cum
1294 1929 1448 1962 fratribus

999 1975 1130 2007 Crucem
1156 1975 1263 2007 ferunt
1287 1978 1445 2010 alacriter.

964 2064 971 2071 .
998 2040 1112 2071 Vestra
1135 2041 1308 2073 rubescunt
1333 2052 1469 2083 corpora.

997 2086 1082 2118 Fuso
1108 2096 1221 2119 cruore
1243 2098 1345 2129 roseo,

995 2132 1114 2164 Nostra
1137 2137 1210 2166 usta
1231 2139 1305 2167 sunt
1328 2140 1463 2176 pectora

998 2180 1125 2211 AmoriS
1150 2182 1213 2213 telo
1237 2181 1392 2217 flammeo.

966 2272 973 2279 ,
1000 2244 1137 2277 Gustant
1160 2255 1269 2280 amara
1294 2250 1431 2282 dulciter

999 2291 1111 2323 Dulcis
1135 2295 1251 2325 amoris
1277 2297 1404 2337 poculo,

1002 2339 1159 2379 Cuiusque
1184 2342 1273 2373 clavo
1299 2342 1425 2377 fortiter

999 2385 1110 2418 Adfixi
1130 2391 1204 2420 sunt
1223 2390 1377 2430 patibulo.
