1655 2534
588 552 611 583 1.
640 552 684 583 Dc
703 553 812 583 sancta
829 552 1020 592 Margareta,

287 620 331 652 In
364 620 395 653 1.
421 620 640 660 Vesperis.

335 712 430 747 Super
454 713 594 741 Psalmos.

155 788 196 820 A.
227 787 252 819 Ο
278 787 365 819 sidus
389 788 574 827 angelicum,

271 834 368 874 Virgo
392 833 586 877 Margareta,

222 881 310 913 Audi
335 889 443 912 sonum
469 881 638 921 mellicum‚

270 927 370 966 Quem
393 927 484 966 plebs
511 929 596 960 canit
618 929 719 970 laeta3

222 973 309 1012 Quae
335 975 481 1006 draconis
505 977 629 1007 uterum

269 1021 365 1061 Signo
391 1022 492 1053 crucis
519 1021 638 1054 Christi

222 1068 402 1101 Assistente
426 1076 574 1108 superum

269 1114 368 1146 Coetu
393 1114 588 1155 confregisti,

219 1161 361 1201 impetra
384 1162 535 1194 solacium

267 1208 345 1240 Reis
371 1207 531 1246 desolatis,

220 1254 266 1287 Ut
291 1254 370 1287 caeli
395 1255 546 1294 palatium

267 1302 415 1334 Dimissis
439 1303 579 1341 peccatis

223 1348 421 1381 scandentes
445 1350 477 1380 in
503 1349 604 1388 gloria

220 1395 372 1428 Vivamus
396 1404 456 1435 per
480 1396 617 1428 saecula.

337 1488 383 1515 Ad
402 1487 581 1525 Magnificat.

144 1557 184 1589 A.
214 1555 337 1587 Fidelis
362 1555 465 1595 turba,
492 1564 628 1597 propere

217 1602 338 1642 Regem
361 1600 479 1635 festina
504 1611 634 1635 cernere

217 1648 388 1682 Pacificum
414 1649 592 1691 Salomone,

216 1697 374 1729 Sertatum
399 1698 511 1729 matris
537 1706 670 1738 corona;

216 1744 319 1783 Super
344 1743 512 1776 Cherubim
536 1746 665 1787 residet,

214 1789 329 1824 Infima
353 1791 407 1831 qui
433 1794 547 1823 cuncta
568 1792 667 1833 videt,

213 1839 250 1871 In
276 1838 391 1870 throno
416 1839 508 1870 sedet
532 1839 661 1883 gloriae,

215 1886 313 1925 Quem
340 1885 448 1918 dulces
473 1885 594 1925 stipant
618 1886 713 1928 filiae,

214 1932 290 1966 Sion
315 1932 583 1975 adulescentulae‚

210 1980 411 2013 Hierusalem
434 1981 632 2023 iuvenculae,

216 2029 302 2068 Quae
328 2027 484 2062 castitatis
508 2028 578 2061 lilia

215 2076 435 2115 Rosarumque
458 2076 613 2116 martyria

214 2123 339 2165 Sponso
362 2125 493 2163 portant
515 2123 550 2155 in
574 2122 733 2157 canistris

213 2171 238 2204 Ο
264 2170 340 2210 quid
366 2170 493 2204 suavius
518 2170 568 2202 his
593 2170 722 2203 sistris?

210 2219 301 2251 Inter
325 2226 414 2258 quas,
441 2227 491 2259 en,
517 2218 588 2250 luce
613 2219 698 2251 laeta

212 2266 341 2298 Ardens
367 2265 472 2306 stella,
498 2266 692 2306 Margareta,

211 2315 275 2347 Pro
299 2313 392 2346 nobis
417 2321 522 2354 regem
548 2314 706 2354 virginum

210 2362 285 2402 Ora,
311 2368 490 2403 precamur,
515 2360 696 2396 Dominum.

967 622 1028 655 Ad
1051 622 1314 656 Matutinum.

1038 695 1251 723 Invitatorium.

903 752 1021 792 Regem
1046 761 1154 793 regum
1180 762 1374 798 veneremur,

902 799 970 838 Ipsi
994 807 1118 838 semper
1141 800 1349 840 modulemur,

902 845 949 877 Ut
971 846 1172 886 Margaretae
1195 848 1357 880 sociemur.

961 930 1007 961 In
1033 928 1065 961 1.
1090 930 1320 964 Nocturno.

1051 993 1244 1030 Antiphonae.

868 1075 875 1082 .
900 1049 1043 1082 Domiwe
1066 1051 1229 1084 Dominus
1251 1055 1367 1096 noster,

904 1096 999 1128 Cuius
1024 1095 1125 1137 fulget
1148 1107 1260 1130 nomen
1284 1100 1374 1141 mire,

901 1142 984 1175 Dum
1010 1153 1049 1175 ex
1073 1145 1156 1177 vasis
1181 1146 1281 1178 trahis
1304 1146 1373 1179 irae

903 1190 967 1222 Vas
991 1191 1120 1223 honoris
1144 1192 1369 1234 Margaret-m,

902 1237 964 1269 Per
989 1246 1082 1278 quam
1108 1247 1239 1279 superas
1264 1240 1426 1285 athletam,

899 1283 1079 1317 Inimicum
1102 1288 1130 1317 et
1153 1285 1298 1321 ultorem.

867 1366 873 1372 .
903 1339 993 1372 Caeli
1015 1343 1171 1374 enarrant
1192 1342 1332 1382 gloriam
1354 1344 1428 1389 Dei,

902 1386 995 1419 Cuius
1020 1386 1085 1420 fide
1108 1389 1302 1429 praesignita

898 1434 1082 1474 Margareta
1105 1437 1277 1475 margarita

902 1481 1066 1520 Olybrium
1091 1484 1263 1523 superavit,

900 1527 1019 1568 Regem
1045 1527 1203 1561 Christum
1238 1531 1312 1562 dum
1336 1532 1454 1565 amavit

898 1574 1004 1615 Super
1024 1575 1088 1607 mel
1112 1579 1140 1609 et
1162 1576 1277 1616 favum

867 1659 874 1666 ,
900 1631 1040 1663 Domini
1065 1634 1110 1664 est
1130 1636 1226 1677 terra,

898 1678 1114 1719 Margaretam
1138 1680 1192 1721 qui
1215 1682 1248 1713 in
1272 1684 1410 1714 montem

899 1725 1049 1758 Sanctum
1074 1727 1193 1759 <lucens
1212 1728 1263 1760 illi
1286 1727 1407 1761 fontem

900 1772 965 1805 Dat
989 1773 1134 1807 caelestis
1159 1774 1357 1817 disciplinae,

895 1820 989 1853 Hanc
1012 1820 1065 1861 qui
1089 1824 1179 1861 petet
1202 1823 1271 1855 sine
1295 1822 1369 1864 fine,

897 1867 974 1908 Ipse
998 1870 1043 1900 est
1065 1878 1122 1901 rex
1144 1869 1276 1911 ¹(flor-iae.

1033 1933 1242 1969 Responsoria.

863 2009 872 2016 ,
898 1979 1022 2025 Gaude,
1047 1984 1150 2014 mater
1175 1984 1318 2026 ecclesia,

898 2028 996 2068 Quam
1020 2029 1183 2061 illustrant
1206 2031 1372 2063 sollemnia

897 2075 1102 2116 Margaretae
1127 2076 1274 2118 celebria,

898 2122 995 2155 Cuius
1018 2123 1186 2163 praeclaro
1207 2125 1360 2165 sanguine

898 2170 961 2204 Pro
987 2170 1106 2202 Christi
1129 2169 1200 2202 fuso
1226 2172 1352 2204 nomine

898 2218 1040 2250 Aeterna
1064 2219 1129 2249 stat
1153 2220 1316 2254 memoria.

857 2290 865 2298 .
895 2263 1010 2297 Astitfzt
1036 2264 1153 2305 regina
1186 2274 1208 2297 a
1241 2266 1362 2300 demtrssis
1388 2268 1453 2301 tuis

896 2311 934 2343 in
971 2311 1085 2345 vestitu
1123 2313 1278 2348 deaurato
1315 2315 1452 2350 circum-

898 2359 978 2393 data
1000 2359 1163 2396 varietate.
