1655 2534
744 137 997 173 -138—

968 227 1114 262 Pulchris
1139 225 1383 266 archipraesulis

966 276 1141 308 Decoratus
1165 273 1273 305 infulis

966 322 1065 355 Modo
1089 320 1178 360 regni
1201 320 1303 352 titulis

1013 368 1145 401 Fruitur
1170 367 1325 407 caelestis,

898 417 935 450 V.
966 416 1056 455 Quod
1081 424 1100 446 a
1126 415 1265 454 pueritia

969 463 1075 495 Iustus
1100 461 1177 493 vicit
1203 461 1279 493 vitia

224 238 262 271 V.
293 238 403 271 Gratia
429 236 483 268 dat
506 243 609 267 rorem

339 283 420 323 flori,
446 281 604 315 Sabaudia
625 278 744 311 florem.

359 434 407 465 In
433 433 462 465 3.
487 427 714 463 NocturnO.

429 524 634 560 Responsoria.

264 626 272 635 .
298 599 440 634 Luciferi
464 600 633 640 splendens

343 648 452 679 radius
460 655 554 688 super
564 646 692 678 aethera
698 647 842 689 tendens,

296 696 393 734 Quem
418 694 493 725 colit
515 694 575 724 iste
599 693 712 724 chorus

342 743 426 779 voto,
452 748 554 783 prece,
581 739 676 771 laude
700 747 841 779 sonorus,

297 788 376 827 Spes
402 790 434 817 et
456 795 544 818 amor
569 786 654 827 cleri,

343 837 379 865 tu
402 842 458 865 nos
485 833 615 872 dignare
636 832 727 874 tueri,

256 905 264 913 .
296 880 404 912 Gloria
428 878 621 922 pontificum,

343 929 453 967 pastor
468 926 578 966 bonus,
597 926 685 957 sidus
699 926 843 956 amicum.

264 1016 272 1024 .
298 991 472 1031 Splendida
496 991 588 1022 stella
608 991 685 1031 poli,

344 1040 436 1077 pater
459 1037 579 1078 inclite,
605 1045 756 1076 spernere
779 1037 846 1068 noli

297 1084 363 1116 Nos
390 1084 449 1115 tibi
474 1084 601 1115 devotos

348 1133 379 1161 et
403 1130 441 1162 ab
468 1131 552 1162 omni
577 1129 706 1161 crimine
729 1129 810 1161 lotos

298 1179 414 1210 Tecum
438 1179 523 1208 sorte
546 1176 616 1215 pari

347 1222 398 1255 fac
425 1232 481 1254 nos
506 1231 602 1262 super
626 1224 712 1254 astra
734 1221 843 1264 locari,

259 1293 267 1302 .
296 1270 436 1301 Maxime
459 1273 629 1310 pastorum,

348 1325 430 1356 spes,
450 1318 561 1355 portus
579 1318 610 1346 et
623 1323 699 1346 aura
711 1316 844 1348 tuorum.

269 1404 276 1412 .
302 1381 493 1412 Iueundetur
516 1381 621 1422 hodie,

300 1427 472 1467 Subalpina
502 1427 614 1469 contio,

300 1474 425 1515 Matris,
451 1482 594 1513 sponsae,
619 1472 703 1504 filiae

302 1520 449 1552 Gaudens
473 1520 647 1559 privilegio,

349 1568 443 1599 Petro
466 1567 509 1597 sit
533 1566 655 1606 devota,

304 1614 367 1646 Suo
390 1613 525 1653 primum
548 1611 622 1651 filio,

302 1659 422 1699 Sponso
445 1661 519 1698 post
542 1659 703 1698 eeclesiae,

301 1705 434 1737 Demum
459 1705 543 1745 patri
566 1704 690 1744 patriae

345 1752 408 1783 Sua
431 1753 533 1783 solvat
556 1754 648 1793 votat,

264 1824 270 1830 .
298 1799 490 1840 Bellavallis‚
513 1797 662 1838 propriae

302 1845 367 1877 Ubi
394 1848 467 1877 sunt
490 1844 653 1884 reliquiae,

306 1891 441 1931 Speciali
465 1891 578 1931 gaudio

351 1938 399 1970 Sit
424 1938 536 1970 devota
557 1940 634 1970 tota.

246 2005 278 2036 4.
301 2003 436 2036 Abbatis
460 2002 565 2035 officio

304 2051 444 2082 Functus
467 2050 501 2081 in
522 2049 679 2090 principio

347 2097 490 2130 Moribus
514 2097 663 2136 honestis,

972 509 1047 541 Sola
1071 506 1226 547 pudicitia

993 554 1163 593 Multiplex
1188 556 1237 585 est
1260 551 1360 585 testis.

1063 667 1111 699 In
1133 665 1363 697 Laudibus,

1083 739 1175 775 Super
1191 738 1332 766 Psalmos.

898 799 938 833 A.
968 797 1092 836 Lugent
1115 795 1219 827 orbati

1017 843 1140 875 sublato
1167 842 1206 874 de
1230 845 1322 882 patre
1346 841 1423 884 nati,

972 889 1205 929 Congaudendo
1230 892 1335 920 tamen

1017 937 1141 968 solvunt
1166 935 1257 967 iubili
1280 935 1492 974 modulamen,

970 984 1096 1022 Lugent
1119 981 1258 1014 ablatum

1017 1029 1156 1070 gaudent
1169 1037 1265 1068 super
1275 1031 1363 1060 astra
1374 1028 1523 1059 locatum.

1044 1131 1093 1163 In
1118 1133 1149 1163 2.
1176 1131 1391 1171 Vesperis.

1093 1203 1139 1230 Ad
1158 1203 1337 1241 Mag-nificat.

901 1263 941 1295 A.
969 1261 1079 1293 Bellae
1095 1261 1196 1292 Vallis
1219 1262 1253 1293 in
1278 1262 1338 1293 hac
1363 1261 1415 1292 die

1018 1307 1171 1339 Laetetur
1196 1309 1338 1350 ecclesia,

973 1354 1093 1387 Sonent
1115 1354 1244 1386 laudum
1268 1355 1425 1387 melodiae

1020 1401 1133 1433 Gordis
1157 1409 1196 1433 ex
1219 1402 1352 1441 laetitia,

1070 1447 1210 1480 Alleluia

1022 1495 1180 1527 Consonet
1203 1496 1347 1535 ecclesia,

975 1541 1089 1573 Pastor
1111 1543 1220 1573 noster
1245 1542 1318 1573 hinc
1342 1542 1500 1584 transivit,

975 1587 1037 1619 Sed
1063 1595 1133 1618 cum
1151 1587 1276 1620 Christo
1294 1597 1423 1629 semper
1439 1589 1529 1630 vivit,

1068 1633 1207 1666 Alleluia

1022 1681 1178 1713 Gonsonet
1202 1681 1344 1714 ecclesia.

973 1727 1075 1760 Vallis
1100 1729 1168 1759 tota
1191 1728 1381 1761 iucundetur

975 1774 1097 1806 Psallat
1122 1774 1235 1819 clerus,
1265 1775 1357 1815 plebs
1381 1778 1528 1817 laetetur,

1071 1820 1211 1854 Alleluia

1024 1867 1182 1899 Consonet
1206 1869 1349 1903 ecclesia.

976 1914 1130 1946 Miserere
1153 1915 1338 1947 miserorum

979 1961 1036 1993 Pie
1058 1963 1150 1999 pater
1175 1965 1207 1993 et
1231 1965 1355 1994 tuorum

1024 2007 1148 2038 Memor
1168 2011 1235 2041 esto
1258 2017 1449 2050 memorum;

1072 2054 1214 2086 Alleluia

1029 2100 1188 2133 Consonet
1211 2102 1353 2135 ecclesia.

310 2162 394 2189 Brev.
413 2170 466 2188 ms.
486 2161 641 2188 Parisense
662 2168 736 2187 saec.
760 2159 803 2189 13.
838 2162 907 2191 Cod.
922 2163 1095 2191 Colmarien.
1116 2162 1181 2192 315.
1203 2166 1268 2193 add.
1291 2175 1366 2194 saec.
1387 2166 1431 2195 14.
1448 2169 1483 2196 A.
1502 2189 1520 2192 -

237 2198 354 2234 Ant-iph.
383 2208 436 2226 ms.
457 2199 667 2227 Salemitanum
690 2206 763 2226 saec.
786 2197 829 2227 13.
869 2200 937 2227 Cod.
958 2201 1183 2236 Heidelbergen.
1203 2204 1231 2230 X
1251 2202 1268 2231 6
1289 2205 1317 2232 b.
1338 2205 1371 2232 B.
1391 2219 1429 2224 —
1449 2208 1535 2235 Brev.

235 2244 288 2262 ms.
317 2236 507 2264 cisterciense
534 2245 608 2264 saec.
639 2234 681 2263 14.
722 2235 790 2264 Ood.
812 2238 1003 2273 Oenipontan.
1029 2237 1093 2266 542.
1123 2239 1153 2267 Ο.
1179 2254 1219 2260 -—
1242 2242 1327 2270 Brev.
1353 2252 1406 2270 ms.
1428 2244 1535 2273 Cister—

237 2274 334 2301 ciense
363 2282 438 2301 saec.
470 2272 513 2301 14.
555 2274 624 2302 Cod.
644 2273 791 2302 Flechten.
812 2273 876 2302 247.
896 2276 933 2303 D.
953 2290 990 2294 —
1010 2277 1093 2304 Brev.
1113 2285 1167 2304 ms.
1188 2279 1372 2315 Stirpinense
1392 2290 1468 2311 saec,
1491 2283 1525 2312 15

236 2310 305 2338 Cod.
327 2311 483 2347 Stirpinen.
504 2310 549 2340 30.
570 2312 606 2338 E.
626 2326 662 2330 —
682 2312 766 2339 Brev.
787 2321 838 2340 ms.
863 2313 1056 2341 Cisterciense
1075 2322 1150 2342 saec.
1172 2313 1216 2343 12.
1248 2318 1318 2345 Cod.
1339 2306 1535 2349 Confluentin'

238 2346 300 2376 170.
319 2350 352 2376 F.
381 2364 416 2368 -
443 2351 527 2377 Brev.
554 2358 607 2377 ms.
628 2349 819 2377 Cisterciense
842 2359 917 2378 saec.
945 2349 989 2378 14.
1029 2351 1101 2379 clm.
1121 2352 1273 2383 Monacen.
1304 2354 1342 2384 23
1350 2354 1414 2385 280.
1437 2359 1472 2387 G.
1497 2344 1536 2379 —.

236 2386 321 2414 Brev.
346 2395 399 2414 ms.
428 2387 614 2423 Altaripense
641 2395 718 2417 saec.
748 2385 791 2415 15.
832 2388 902 2416 Cod.
926 2389 1095 2424 Friburgen.
1122 2391 1146 2417 L
1171 2389 1217 2420 64.
1242 2394 1282 2421 Η.
1307 2409 1346 2414 —
1369 2396 1455 2425 Brev.
1481 2407 1535 2426 ms.
