1655 2534
728 96 956 132 -50-

268 193 336 225 Deo
360 194 474 225 totiens
499 195 660 233 prostrata
884 192 914 224 3.
940 189 994 222 Ad
1018 191 1060 228 te,
1086 188 1184 228 Deus,
1212 186 1356 227 vigilavit

313 240 381 272 Nec
402 241 510 272 labore
534 239 680 272 laeditur.
987 237 1024 267 In
1048 235 1139 268 bonis
1163 233 1332 275 proficiens

940 283 984 315 Et
1007 291 1115 314 manus
1141 292 1213 314 suas
1237 280 1356 313 levavit

211 308 240 338 2.
268 307 435 346 Postquam
464 306 554 337 huius
580 313 702 336 cursum
728 304 812 336 vitae
987 329 1023 360 In
1047 332 1079 360 te
1102 331 1170 361 tota
1193 328 1314 362 sitiens·

269 352 496 392 complevisset
518 353 606 391 virgo
630 351 692 382 rite

310 400 397 430 ῙΠῗθΥ
423 400 504 431 [10Πᾶ
528 399 645 430 caelica
882 403 915 438 4.
941 404 1053 437 Fidem
1077 412 1197 444 ponens
1221 403 1255 434 in
1280 404 1480 444 augmentum

264 445 333 477 Rex
350 446 516 483 caelorum,
534 453 625 484 quem
641 444 693 475 1¹10
711 443 808 483 DaVita
986 452 1049 483 Per
1074 451 1250 483 doctrinam
1274 449 1421 481 stabilem

267 492 359 523 Hanc
382 494 544 532 gratanter
567 491 714 523 invitavit
941 498 1041 529 Deum
1067 497 1146 529 caefi
1170 496 1399 529 firmamentum

315 539 438 570 Ducens
464 546 559 577 super
583 537 728 579 aethera3
984 544 1157 576 Praedicut
1180 543 1383 576 laudabilem.

198 584 234 617 V.
266 584 361 616 Cuius
387 593 510 624 corpus,
535 584 610 615 Iesu
632 583 723 625 bone,

313 631 434 670 Sepefis
457 631 491 661 jn
515 631 615 668 gloria
881 621 911 653 5.
937 619 1077 651 Laudem
1104 618 1172 650 Deo
1199 618 1276 650 dans
1302 626 1414 650 sonoro

264 678 435 716 Assumpto
460 675 518 708 tibi
542 676 702 707 Frontone
986 665 1118 698 03311018
1143 665 1319 705 agminibus

310 724 346 755 112
370 723 472 754 iustae
495 721 652 754 memoria,
934 713 1048 744 Iuncta
1073 713 1275 752 transmigrat
1300 713 1332 743 in
1360 711 1454 743 choro

210 790 240 821 3-
267 788 291 820 O
317 788 506 829 pmdentum
530 787 706 828 Puellarum
986 759 1092 791 Sacris
1118 767 1188 790 cum
1214 758 1400 798 Virginibus.

263 834 360 866 Iubar
386 835 516 866 caritate
540 834 658 865 clarum
1051 852 1095 879 Ad
1115 851 1298 879 Benedictus.

309 881 351 912 Et
377 881 501 912 doctrix
525 880 706 920 apostolica,
1039 919 1045 925 ι
1128 918 1134 924 ·
1179 918 1185 924 ⁸
1258 918 1265 923 Ι

267 927 337 959 Sint
360 936 416 967 per
442 930 474 958 te
497 927 555 958 tibi
582 927 686 958 devoti
865 920 905 953 A.
936 920 1064 952 Cunctis
1089 927 1153 950 suis
1176 928 1209 949 1n
1236 917 1345 949 diebus

261 974 357 1013 Apud
382 973 539 1005 Christum
563 973 671 1004 mundi
696 972 754 1005 toti
936 966 1073 1004 Propter
1096 965 1198 997 Deum
1223 964 1305 1017 datis
1330 963 1425 995 rebus

310 1020 348 1052 In
372 1019 437 1052 fide
461 1020 625 1057 catholica,
982 1011 1172 1051 impendens
1198 1013 1328 1063 servima

204 1068 242 1098 V.
271 1067 394 1098 intrent
417 1075 532 1105 sponso
556 1066 701 1097 veniente
939 1060 1052 1092 Coram
1077 1059 1146 1098 ipso
1171 1066 1259 1097 pacis
1283 1060 1373 1088 ratae

313 1113 439 1145 Ornatis
463 1113 662 1151 lampadibus
938 1107 1029 1138 Viam
1053 1106 1178 1145 plenam
1204 1104 1374 1136 sanctitate

265 1159 403 1199 oleoque
427 1162 511 1191 stent
534 1160 658 1191 lucente
984 1152 1089 1183 Intrat
1113 1154 1146 1183 et
1168 1150 1299 1182 iustitia.

308 1206 344 1237 In
369 1206 559 1245 prudentum
584 1205 743 1245 gradibus,

1001 1312 1046 1343 111
1071 1314 1103 1344 2.
1129 1310 1343 1350 Vesperis.

347 1366 363 1396 I
372 1373 392 1395 n
417 1364 444 1395 L
453 1372 472 1394 a
480 1373 500 1394 u
510 1364 578 1395 dib
588 1374 608 1395 u
617 1372 643 1395 s.

1053 1405 1098 1432 Ad
1117 1402 1295 1439 Magnificat.

397 1446 589 1481 Antiphonae.

866 1482 906 1515 A.
938 1482 1023 1512 Deus
1044 1481 1152 1512 noster
1176 1480 1323 1510 salutaris

934 1527 1155 1559 Exsultantem
1179 1526 1212 1557 in
1237 1526 1410 1563 praeclaris

982 1573 1143 1604 Martham
1160 1573 1242 1603 locat
1268 1572 1406 1609 sedibus,

935 1622 1112 1653 Exeuntem
1137 1621 1242 1650 terrae
1266 1619 1368 1650 solum

934 1668 1024 1708 Fert,
1043 1667 1097 1705 qui
1112 1670 1225 1704 potens
1239 1668 1297 1703 est,
1321 1665 1363 1697 ad
1377 1667 1484 1704 polum

208 1514 237 1544 1.
267 1512 482 1544 Circumdedit
504 1519 561 1542 rex
585 1512 729 1543 caelestis

315 1558 440 1590 cinctus
466 1557 651 1590 fortitudine

266 1603 461 1636 Candidatae
483 1603 641 1636 Martham
668 1605 762 1636 vestis

307 1651 392 1682 Mira
415 1650 660 1688 pulchritudino.

159 1736 174 1753 0
208 1723 237 1747 Δ.
266 1714 422 1746 Christum
447 1715 547 1746 Deum
573 1715 641 1747 fore
664 1716 755 1747 scivit
985 1713 1044 1744 Pro
1068 1713 1202 1744 terrenis
1228 1712 1378 1751 aedibus-3

310 1761 513 1792 Auferentem
538 1762 624 1800 vitia,
936 1761 1033 1799 Quam
1058 1768 1224 1799 precamur
1247 1768 1323 1791 suae
1347 1760 1441 1791 sortis

263 1808 316 1839 Ad
341 1816 431 1847 quem
455 1807 529 1839 felix
554 1808 697 1839 introivit
937 1808 1004 1839 Nos
1031 1809 1189 1839 consortes
1216 1807 1305 1845 sequi
1328 1807 1439 1838 mortis

309 1855 427 1894 Magna
452 1863 520 1886 cum
544 1855 675 1887 laetitia.
983 1853 1144 1893 Disruptis
1170 1854 1382 1891 compedibus,

270 1947 354 1974 Brev.
375 1955 427 1974 ms.
450 1947 542 1982 Capit.
563 1947 788 1982 Dusseldorpini
808 1955 882 1974 saec.
906 1946 949 1974 15.
986 1946 1054 1973 Cod.
1075 1946 1263 1980 Dusseldnrp.
1280 1947 1311 1972 G.
1333 1943 1377 1973 64.
1399 1946 1433 1973 A.
1448 1961 1486 1966 —-

195 1985 277 2011 Rrev.
307 1993 359 2011 ms.
390 1983 419 2011 S.
451 1984 563 2011 Mariae
592 1985 629 2011 ad
658 1984 771 2011 Gradus
802 1992 876 2011 saec.
900 1983 942 2011 15.
980 1983 1047 2010 Cod.
1074 1984 1279 2011 Darmstadien
1310 1982 1373 2011 977.
1395 1984 1427 2010 Β.
1448 2000 1485 2005 —-

204 2021 312 2057 xnffiph.
338 2031 390 2048 ms.
416 2021 445 2048 S.
474 2020 623 2049 Cuniherti
649 2021 800 2049 Colonien.
827 2022 896 2049 anni
924 2019 1005 2049 1533.
1027 2021 1057 2048 C.
1078 2036 1114 2041 —-
1136 2020 1253 2056 Antiph.
1273 2030 1327 2048 ms.
1347 2020 1378 2047 S-
1399 2019 1486 2049 Cuni-

195 2059 271 2086 berti
298 2059 444 2086 Colonien.
472 2059 540 2086 anni
569 2056 649 2086 1553.
673 2059 709 2085 D.
730 2073 761 2078 -z
787 2059 826 2086 In
849 2058 873 2086 1.
896 2059 997 2094 Vesp.
1030 2056 1050 2082 Α
1074 2058 1098 2090 1,
1118 2055 1136 2085 3
1166 2059 1224 2086 sibi
1256 2059 1289 2085 A.
1319 2072 1356 2077 a
1377 2056 1399 2084 Α
1420 2057 1447 2093 3,
1470 2058 1484 2086 1

196 2096 280 2124 Circa
297 2095 384 2124 huius
406 2095 464 2124 OD.
486 2112 521 2116 ——
543 2093 566 2122 Α
586 2094 612 2131 3,
633 2094 651 2123 3
673 2096 815 2124 tremebat
828 2097 886 2124 OD.
908 2112 944 2116 —
963 2095 1007 2123 Ad
1021 2096 1119 2131 Magn.
1144 2094 1174 2128 Α,
1195 2094 1214 2124 8
1234 2097 1379 2132 coniunge
1392 2097 1426 2124 A.
1449 2112 1484 2117 ——

202 2134 241 2160 xd
262 2134 388 2161 Matut.
413 2134 498 2161 Iuvit.
524 2131 541 2160 3
565 2134 637 2161 fecit
661 2135 722 2168 regi
750 2134 779 2161 G.
805 2149 816 2152 f
831 2149 841 2153 -
873 2134 914 2160 In
940 2132 964 2160 1.
990 2133 1088 2160 Noet.
1115 2131 1135 2159 Β
1166 2133 1190 2166 1,
1211 2133 1228 2161 5
1249 2133 1309 2160 sua
1328 2134 1374 2161 illi
1394 2135 1427 2162 A.
1447 2151 1485 2156 —-

196 2169 216 2196 Β
240 2169 264 2206 1,
285 2169 301 2198 6
320 2171 416 2198 Iesum
438 2172 552 2206 excepit
569 2171 603 2198 A.
624 2187 656 2192 --
683 2169 703 2197 Β
722 2170 748 2205 2,
768 2169 786 2198 8
805 2172 916 2199 Memor
936 2173 976 2198 sis
995 2171 1029 2196 A.
1052 2185 1077 2189 ——
1107 2171 1150 2199 In
1170 2169 1196 2198 2.
1210 2172 1313 2200 Noct.
1336 2170 1356 2198 Β
1380 2171 1404 2204 1,
1419 2172 1436 2199 7
1458 2175 1488 2201 et

194 2208 266 2235 fehlt
284 2209 317 2235 Α.
338 2224 374 2227 -
397 2206 416 2233 Β
438 2207 463 2244 2,
487 2208 500 2236 1
522 2210 674 2237 mictantes
694 2209 728 2236 A.
756 2223 788 2227 —-
807 2210 848 2236 In
868 2207 893 2236 3.
915 2210 1016 2236 Noct.
1040 2206 1059 2233 Β
1083 2208 1107 2242 1,
1128 2207 1145 2236 5
1165 2209 1240 2236 fehlt
1256 2209 1290 2236 A.
1311 2225 1348 2230 —-
1367 2207 1386 2235 Β
1408 2209 1485 2242 2,10

194 2246 232 2272 ln
251 2246 340 2273 misce
359 2246 393 2273 A.
413 2261 449 2265 -
470 2247 509 2274 In
531 2247 639 2274 Laud.
660 2245 682 2272 Α
708 2246 735 2278 4,
756 2245 770 2273 1
798 2249 882 2282 ponis
908 2247 938 2273 in
960 2249 1114 2281 augmento
1136 2246 1168 2273 A.
1190 2261 1224 2265 —
1245 2246 1395 2282 Hymnus:
1421 2249 1484 2276 Deo

195 2286 293 2310 nostro
314 2284 353 2310 sit
370 2284 496 2311 iucunda
514 2284 608 2313 (Anal.
629 2284 679 2318 IV,
700 2282 772 2317 206).
