<?xml version="1.0" encoding="UTF-8"?>
<!DOCTYPE html PUBLIC "-//W3C//DTD XHTML 1.0 Transitional//EN"
    "http://www.w3.org/TR/xhtml1/DTD/xhtml1-transitional.dtd">
<html xmlns="http://www.w3.org/1999/xhtml" xml:lang="en" lang="en">
 <head>
  <title>
</title>
<meta http-equiv="Content-Type" content="text/html;charset=utf-8" />
  <meta name='ocr-system' content='tesseract 3.04.00' />
  <meta name='ocr-capabilities' content='ocr_page ocr_carea ocr_par ocr_line ocrx_word'/>
</head>
<body>
  <div class='ocr_page' id='page_1' title='image "./analectahymnica28drevuoft_00297.png"; bbox 0 0 1655 2534; ppageno 0'>
   <div class='ocr_carea' id='block_1_1' title="bbox 763 154 1015 189">
    <p class='ocr_par' dir='ltr' id='par_1_1' title="bbox 763 154 1015 189">
     <span class='ocr_line' id='line_1_1' title="bbox 763 154 1015 189; baseline 0 0"><span class='ocrx_word' id='word_1_1' title='bbox 763 154 1015 189; x_wconf 79' lang='lat'>—294—</span> 
     </span>
    </p>
   </div>
   <div class='ocr_carea' id='block_1_2' title="bbox 250 244 1429 543">
    <p class='ocr_par' dir='ltr' id='par_1_2' title="bbox 250 244 1429 543">
     <span class='ocr_line' id='line_1_2' title="bbox 250 244 1268 289; baseline -0.009 -8"><span class='ocrx_word' id='word_1_2' title='bbox 250 254 284 282; x_wconf 90' lang='lat' dir='ltr'><strong>A.</strong></span> <span class='ocrx_word' id='word_1_3' title='bbox 303 253 438 289; x_wconf 81' lang='lat' dir='ltr'><strong>Eugenia</strong></span> <span class='ocrx_word' id='word_1_4' title='bbox 457 253 625 286; x_wconf 79' lang='lat' dir='ltr'><strong>clarissima,</strong></span> <span class='ocrx_word' id='word_1_5' title='bbox 973 248 1099 283; x_wconf 85' lang='lat' dir='ltr'><strong>Reperta</strong></span> <span class='ocrx_word' id='word_1_6' title='bbox 1119 255 1187 274; x_wconf 80' lang='lat' dir='ltr'><strong>cara</strong></span> <span class='ocrx_word' id='word_1_7' title='bbox 1206 244 1268 272; x_wconf 86' lang='lat' dir='ltr'><strong>filia</strong></span> 
     </span>
     <span class='ocr_line' id='line_1_3' title="bbox 304 283 1302 322; baseline -0.009 -4"><span class='ocrx_word' id='word_1_8' title='bbox 304 291 406 318; x_wconf 86' lang='lat' dir='ltr'><strong>Virilis</strong></span> <span class='ocrx_word' id='word_1_9' title='bbox 427 292 517 318; x_wconf 85' lang='lat' dir='ltr'><strong>abbas</strong></span> <span class='ocrx_word' id='word_1_10' title='bbox 536 291 650 322; x_wconf 83' lang='lat' dir='ltr'><strong>femina,</strong></span> <span class='ocrx_word' id='word_1_11' title='bbox 975 285 1086 312; x_wconf 77' lang='lat' dir='ltr'><strong>Pudica</strong></span> <span class='ocrx_word' id='word_1_12' title='bbox 1105 293 1170 311; x_wconf 87' lang='lat' dir='ltr'><strong>cum</strong></span> <span class='ocrx_word' id='word_1_13' title='bbox 1188 283 1302 311; x_wconf 83' lang='lat' dir='ltr'><strong>familia</strong></span> 
     </span>
     <span class='ocr_line' id='line_1_4' title="bbox 305 320 1338 364; baseline -0.01 -8"><span class='ocrx_word' id='word_1_14' title='bbox 305 327 408 364; x_wconf 84' lang='lat' dir='ltr'><strong>Spreta</strong></span> <span class='ocrx_word' id='word_1_15' title='bbox 426 329 505 364; x_wconf 87' lang='lat' dir='ltr'><strong>turpi</strong></span> <span class='ocrx_word' id='word_1_16' title='bbox 522 328 664 355; x_wconf 81' lang='lat' dir='ltr'><strong>Melantia</strong></span> <span class='ocrx_word' id='word_1_17' title='bbox 977 323 1117 359; x_wconf 79' lang='lat' dir='ltr'><strong>Negando</strong></span> <span class='ocrx_word' id='word_1_18' title='bbox 1137 321 1237 349; x_wconf 86' lang='lat' dir='ltr'><strong>mundi</strong></span> <span class='ocrx_word' id='word_1_19' title='bbox 1257 320 1338 347; x_wconf 83' lang='lat' dir='ltr'><strong>vilia.</strong></span> 
     </span>
     <span class='ocr_line' id='line_1_5' title="bbox 305 365 651 400; baseline -0.006 -7"><span class='ocrx_word' id='word_1_20' title='bbox 305 366 361 393; x_wconf 92' lang='lat' dir='ltr'><strong>Pro</strong></span> <span class='ocrx_word' id='word_1_21' title='bbox 381 367 466 393; x_wconf 83' lang='lat' dir='ltr'><strong>luxus</strong></span> <span class='ocrx_word' id='word_1_22' title='bbox 487 365 651 400; x_wconf 83' lang='lat' dir='ltr'><strong>elephantia</strong></span> 
     </span>
     <span class='ocr_line' id='line_1_6' title="bbox 305 395 1429 433; baseline -0.009 -2"><span class='ocrx_word' id='word_1_23' title='bbox 305 404 418 431; x_wconf 84' lang='lat' dir='ltr'>Gaudet</span> <span class='ocrx_word' id='word_1_24' title='bbox 437 403 555 430; x_wconf 82' lang='lat' dir='ltr'><strong>caelesti</strong></span> <span class='ocrx_word' id='word_1_25' title='bbox 575 403 663 429; x_wconf 88' lang='lat' dir='ltr'><strong>curia.</strong></span> <span class='ocrx_word' id='word_1_26' title='bbox 917 398 952 424; x_wconf 84' lang='lat' dir='ltr'><strong>A.</strong></span> <span class='ocrx_word' id='word_1_27' title='bbox 977 397 1108 425; x_wconf 85' lang='lat' dir='ltr'><strong>Christus</strong></span> <span class='ocrx_word' id='word_1_28' title='bbox 1128 398 1246 433; x_wconf 84' lang='lat' dir='ltr'><strong>propter</strong></span> <span class='ocrx_word' id='word_1_29' title='bbox 1266 395 1429 431; x_wconf 86' lang='lat' dir='ltr'><strong>Eugeniam</strong></span> 
     </span>
     <span class='ocr_line' id='line_1_7' title="bbox 304 433 1351 468; baseline -0.009 0"><span class='ocrx_word' id='word_1_30' title='bbox 304 442 442 468; x_wconf 85' lang='lat' dir='ltr'><strong>Parentes</strong></span> <span class='ocrx_word' id='word_1_31' title='bbox 463 442 524 468; x_wconf 87' lang='lat' dir='ltr'><strong>eius</strong></span> <span class='ocrx_word' id='word_1_32' title='bbox 544 440 623 467; x_wconf 88' lang='lat' dir='ltr'><strong>idola</strong></span> <span class='ocrx_word' id='word_1_33' title='bbox 976 435 1126 462; x_wconf 79' lang='lat' dir='ltr'>Convertit</span> <span class='ocrx_word' id='word_1_34' title='bbox 1144 433 1351 462; x_wconf 80' lang='lat' dir='ltr'>Alexandriam</span> 
     </span>
     <span class='ocr_line' id='line_1_8' title="bbox 304 472 1384 514; baseline -0.008 -8"><span class='ocrx_word' id='word_1_35' title='bbox 304 479 457 514; x_wconf 83' lang='lat' dir='ltr'><strong>Philippus</strong></span> <span class='ocrx_word' id='word_1_36' title='bbox 477 480 563 512; x_wconf 86' lang='lat' dir='ltr'><strong>atque</strong></span> <span class='ocrx_word' id='word_1_37' title='bbox 583 476 704 504; x_wconf 85' lang='lat' dir='ltr'><strong>Claudia</strong></span> <span class='ocrx_word' id='word_1_38' title='bbox 973 473 1151 500; x_wconf 84' lang='lat' dir='ltr'><strong>Praestando</strong></span> <span class='ocrx_word' id='word_1_39' title='bbox 1173 472 1231 499; x_wconf 86' lang='lat' dir='ltr'><strong>sibi</strong></span> <span class='ocrx_word' id='word_1_40' title='bbox 1252 472 1384 506; x_wconf 78' lang='lat' dir='ltr'><strong>gratiam,</strong></span> 
     </span>
     <span class='ocr_line' id='line_1_9' title="bbox 304 509 1353 543; baseline -0.009 0"><span class='ocrx_word' id='word_1_41' title='bbox 304 517 451 543; x_wconf 87' lang='lat' dir='ltr'><strong>Damnant</strong></span> <span class='ocrx_word' id='word_1_42' title='bbox 468 516 500 542; x_wconf 89' lang='lat' dir='ltr'><strong>in</strong></span> <span class='ocrx_word' id='word_1_43' title='bbox 519 514 698 541; x_wconf 80' lang='lat' dir='ltr'><strong>Alexandria</strong></span> <span class='ocrx_word' id='word_1_44' title='bbox 976 510 1158 537; x_wconf 77' lang='lat' dir='ltr'><strong>confundens</strong></span> <span class='ocrx_word' id='word_1_45' title='bbox 1177 509 1353 537; x_wconf 78' lang='lat' dir='ltr'><strong>idolatriam.</strong></span> 
     </span>
    </p>
   </div>
   <div class='ocr_carea' id='block_1_3' title="bbox 323 570 1530 614">
    <p class='ocr_par' dir='ltr' id='par_1_3' title="bbox 323 570 1530 614">
     <span class='ocr_line' id='line_1_10' title="bbox 323 570 1530 614; baseline -0.007 -5"><span class='ocrx_word' id='word_1_46' title='bbox 323 580 367 609; x_wconf 89' lang='grc'><strong>80.</strong></span> <span class='ocrx_word' id='word_1_47' title='bbox 386 581 574 614; x_wconf 78' lang='lat' dir='ltr'><strong>Eulaliae,</strong></span> <span class='ocrx_word' id='word_1_48' title='bbox 598 579 721 614; x_wconf 79' lang='lat' dir='ltr'><strong>virginis</strong></span> <span class='ocrx_word' id='word_1_49' title='bbox 743 578 771 603; x_wconf 84' lang='lat' dir='ltr'><strong>et</strong></span> <span class='ocrx_word' id='word_1_50' title='bbox 789 577 932 611; x_wconf 81' lang='lat' dir='ltr'><strong>martyris,</strong></span> <span class='ocrx_word' id='word_1_51' title='bbox 955 574 998 603; x_wconf 90' lang='grc'><strong>10.</strong></span> <span class='ocrx_word' id='word_1_52' title='bbox 1019 576 1087 603; x_wconf 78' lang='lat' dir='ltr'><strong>Dee.</strong></span> <span class='ocrx_word' id='word_1_53' title='bbox 1109 572 1170 610; x_wconf 88' lang='lat' dir='ltr'><strong>[fol.</strong></span> <span class='ocrx_word' id='word_1_54' title='bbox 1193 570 1291 609; x_wconf 81' lang='lat' dir='ltr'><strong>117a].</strong></span> <span class='ocrx_word' id='word_1_55' title='bbox 1330 574 1394 601; x_wconf 81' lang='lat' dir='ltr'><strong>Nur</strong></span> <span class='ocrx_word' id='word_1_56' title='bbox 1414 575 1479 602; x_wconf 88' lang='lat' dir='ltr'><strong>eine</strong></span> <span class='ocrx_word' id='word_1_57' title='bbox 1502 574 1530 600; x_wconf 68' lang='lat' dir='ltr'><strong>st:</strong></span> 
     </span>
    </p>
   </div>
   <div class='ocr_carea' id='block_1_4' title="bbox 658 633 1126 848">
    <p class='ocr_par' dir='ltr' id='par_1_4' title="bbox 658 633 974 666">
     <span class='ocr_line' id='line_1_11' title="bbox 658 633 974 666; baseline -0.006 -5"><span class='ocrx_word' id='word_1_58' title='bbox 658 634 681 661; x_wconf 97' lang='lat' dir='ltr'>O</span> <span class='ocrx_word' id='word_1_59' title='bbox 702 633 823 661; x_wconf 83' lang='lat' dir='ltr'><strong>Eulalia</strong></span> <span class='ocrx_word' id='word_1_60' title='bbox 840 633 974 666; x_wconf 85' lang='lat' dir='ltr'><strong>formosa,</strong></span> 
     </span>
    </p>

    <p class='ocr_par' dir='ltr' id='par_1_5' title="bbox 660 669 1060 743">
     <span class='ocr_line' id='line_1_12' title="bbox 660 669 1060 707; baseline -0.008 -8"><span class='ocrx_word' id='word_1_61' title='bbox 660 670 774 707; x_wconf 86' lang='lat' dir='ltr'>Sponsa</span> <span class='ocrx_word' id='word_1_62' title='bbox 795 669 902 697; x_wconf 75' lang='lat' dir='ltr'><strong>Christi</strong></span> <span class='ocrx_word' id='word_1_63' title='bbox 923 671 1060 706; x_wconf 72' lang='lat' dir='ltr'><strong>gratiosa,</strong></span> 
     </span>
     <span class='ocr_line' id='line_1_13' title="bbox 695 707 1025 743; baseline -0.009 -6"><span class='ocrx_word' id='word_1_64' title='bbox 695 709 788 736; x_wconf 83' lang='lat' dir='ltr'><strong>Plena</strong></span> <span class='ocrx_word' id='word_1_65' title='bbox 807 708 882 735; x_wconf 82' lang='lat' dir='ltr'><strong>caeli</strong></span> <span class='ocrx_word' id='word_1_66' title='bbox 901 707 1025 743; x_wconf 81' lang='lat' dir='ltr'><strong>gaudiis,</strong></span> 
     </span>
    </p>

    <p class='ocr_par' dir='ltr' id='par_1_6' title="bbox 661 744 1091 780">
     <span class='ocr_line' id='line_1_14' title="bbox 661 744 1091 780; baseline -0.009 -6"><span class='ocrx_word' id='word_1_67' title='bbox 661 747 753 779; x_wconf 76' lang='lat' dir='ltr'><strong>Quem</strong></span> <span class='ocrx_word' id='word_1_68' title='bbox 771 750 804 772; x_wconf 78' lang='lat' dir='ltr'><strong>tu</strong></span> <span class='ocrx_word' id='word_1_69' title='bbox 823 754 935 780; x_wconf 78' lang='lat' dir='ltr'><strong>semper</strong></span> <span class='ocrx_word' id='word_1_70' title='bbox 954 744 1091 776; x_wconf 73' lang='lat' dir='ltr'><strong>dilexisti,</strong></span> 
     </span>
    </p>

    <p class='ocr_par' dir='ltr' id='par_1_7' title="bbox 659 782 1126 848">
     <span class='ocr_line' id='line_1_15' title="bbox 659 782 1126 819; baseline -0.009 -8"><span class='ocrx_word' id='word_1_71' title='bbox 659 785 714 811; x_wconf 85' lang='lat' dir='ltr'><strong>Pro</strong></span> <span class='ocrx_word' id='word_1_72' title='bbox 735 791 791 819; x_wconf 80' lang='lat' dir='ltr'><strong>quo</strong></span> <span class='ocrx_word' id='word_1_73' title='bbox 811 784 886 809; x_wconf 84' lang='lat' dir='ltr'><strong>mori</strong></span> <span class='ocrx_word' id='word_1_74' title='bbox 904 791 963 809; x_wconf 86' lang='lat' dir='ltr'><strong>non</strong></span> <span class='ocrx_word' id='word_1_75' title='bbox 982 782 1126 817; x_wconf 80' lang='lat' dir='ltr'><strong>sprevisti,</strong></span> 
     </span>
     <span class='ocr_line' id='line_1_16' title="bbox 697 820 1033 848; baseline -0.006 0"><span class='ocrx_word' id='word_1_76' title='bbox 697 821 786 848; x_wconf 83' lang='lat' dir='ltr'><strong>Placa</strong></span> <span class='ocrx_word' id='word_1_77' title='bbox 805 820 890 847; x_wconf 90' lang='lat' dir='ltr'><strong>nobis</strong></span> <span class='ocrx_word' id='word_1_78' title='bbox 910 821 1033 846; x_wconf 87' lang='lat' dir='ltr'><strong>miseris.</strong></span> 
     </span>
    </p>
   </div>
   <div class='ocr_carea' id='block_1_5' title="bbox 248 875 632 907">
    <p class='ocr_par' dir='ltr' id='par_1_8' title="bbox 248 875 632 907">
     <span class='ocr_line' id='line_1_17' title="bbox 248 875 632 907; baseline -0.008 0"><span class='ocrx_word' id='word_1_79' title='bbox 248 879 373 907; x_wconf 83' lang='lat' dir='ltr'><strong>Darauf:</strong></span> <span class='ocrx_word' id='word_1_80' title='bbox 393 879 466 905; x_wconf 84' lang='lat' dir='ltr'><strong>Item</strong></span> <span class='ocrx_word' id='word_1_81' title='bbox 488 875 530 904; x_wconf 84' lang='lat'><strong>12.</strong></span> <span class='ocrx_word' id='word_1_82' title='bbox 550 878 632 905; x_wconf 56' lang='lat' dir='ltr'><strong>Feb:</strong></span> 
     </span>
    </p>
   </div>
   <div class='ocr_carea' id='block_1_6' title="bbox 460 931 1325 1153">
    <p class='ocr_par' dir='ltr' id='par_1_9' title="bbox 460 931 1325 1153">
     <span class='ocr_line' id='line_1_18' title="bbox 460 931 1170 966; baseline -0.003 -6"><span class='ocrx_word' id='word_1_83' title='bbox 460 933 493 960; x_wconf 86' lang='lat' dir='ltr'><strong>A.</strong></span> <span class='ocrx_word' id='word_1_84' title='bbox 513 934 614 960; x_wconf 80' lang='lat' dir='ltr'><strong>Tertia</strong></span> <span class='ocrx_word' id='word_1_85' title='bbox 631 935 690 960; x_wconf 88' lang='lat' dir='ltr'><strong>iam</strong></span> <span class='ocrx_word' id='word_1_86' title='bbox 708 933 780 960; x_wconf 78' lang='lat' dir='ltr'><strong>dena</strong></span> <span class='ocrx_word' id='word_1_87' title='bbox 799 933 925 959; x_wconf 88' lang='lat' dir='ltr'><strong>moriens</strong></span> <span class='ocrx_word' id='word_1_88' title='bbox 945 931 1065 958; x_wconf 85' lang='lat' dir='ltr'><strong>Eulalia</strong></span> <span class='ocrx_word' id='word_1_89' title='bbox 1083 931 1170 966; x_wconf 87' lang='lat' dir='ltr'><strong>plena</strong></span> 
     </span>
     <span class='ocr_line' id='line_1_19' title="bbox 513 968 1174 1005; baseline -0.005 -7"><span class='ocrx_word' id='word_1_90' title='bbox 513 971 603 1005; x_wconf 88' lang='lat' dir='ltr'><strong>More,</strong></span> <span class='ocrx_word' id='word_1_91' title='bbox 624 971 695 998; x_wconf 89' lang='lat' dir='ltr'><strong>boni</strong></span> <span class='ocrx_word' id='word_1_92' title='bbox 713 977 789 997; x_wconf 79' lang='lat' dir='ltr'><strong>vena</strong></span> <span class='ocrx_word' id='word_1_93' title='bbox 807 969 864 995; x_wconf 82' lang='lat' dir='ltr'><strong>fuit</strong></span> <span class='ocrx_word' id='word_1_94' title='bbox 883 969 955 1001; x_wconf 88' lang='lat' dir='ltr'><strong>orbi,</strong></span> <span class='ocrx_word' id='word_1_95' title='bbox 974 968 1045 995; x_wconf 82' lang='lat' dir='ltr'><strong>luna</strong></span> <span class='ocrx_word' id='word_1_96' title='bbox 1065 977 1174 995; x_wconf 82' lang='lat' dir='ltr'><strong>serena.</strong></span> 
     </span>
     <span class='ocr_line' id='line_1_20' title="bbox 516 1006 1262 1043; baseline -0.004 -8"><span class='ocrx_word' id='word_1_97' title='bbox 516 1008 601 1035; x_wconf 81' lang='lat' dir='ltr'><strong>Nuda</strong></span> <span class='ocrx_word' id='word_1_98' title='bbox 619 1008 790 1043; x_wconf 83' lang='lat' dir='ltr'><strong>flagellatur,</strong></span> <span class='ocrx_word' id='word_1_99' title='bbox 812 1006 875 1033; x_wconf 88' lang='lat' dir='ltr'><strong>oleo</strong></span> <span class='ocrx_word' id='word_1_100' title='bbox 894 1014 949 1032; x_wconf 80' lang='lat' dir='ltr'><strong>sua</strong></span> <span class='ocrx_word' id='word_1_101' title='bbox 967 1014 1092 1032; x_wconf 87' lang='lat' dir='ltr'><strong>mamma</strong></span> <span class='ocrx_word' id='word_1_102' title='bbox 1111 1007 1262 1038; x_wconf 76' lang='lat' dir='ltr'><strong>crematur,</strong></span> 
     </span>
     <span class='ocr_line' id='line_1_21' title="bbox 517 1043 1202 1080; baseline 0 -10"><span class='ocrx_word' id='word_1_103' title='bbox 517 1045 637 1072; x_wconf 87' lang='lat' dir='ltr'><strong>Plumbo</strong></span> <span class='ocrx_word' id='word_1_104' title='bbox 658 1045 820 1080; x_wconf 82' lang='lat' dir='ltr'><strong>temptatur,</strong></span> <span class='ocrx_word' id='word_1_105' title='bbox 843 1044 937 1078; x_wconf 82' lang='lat' dir='ltr'><strong>ignita</strong></span> <span class='ocrx_word' id='word_1_106' title='bbox 957 1043 1035 1070; x_wconf 85' lang='lat' dir='ltr'><strong>calce</strong></span> <span class='ocrx_word' id='word_1_107' title='bbox 1055 1044 1202 1078; x_wconf 79' lang='lat' dir='ltr'><strong>probatur,</strong></span> 
     </span>
     <span class='ocr_line' id='line_1_22' title="bbox 514 1081 1227 1115; baseline -0.003 -6"><span class='ocrx_word' id='word_1_108' title='bbox 514 1082 550 1109; x_wconf 86' lang='lat' dir='ltr'><strong>In</strong></span> <span class='ocrx_word' id='word_1_109' title='bbox 569 1082 685 1109; x_wconf 81' lang='lat' dir='ltr'><strong>fornace</strong></span> <span class='ocrx_word' id='word_1_110' title='bbox 703 1082 799 1109; x_wconf 89' lang='lat' dir='ltr'><strong>Iesum</strong></span> <span class='ocrx_word' id='word_1_111' title='bbox 820 1081 973 1107; x_wconf 82' lang='lat' dir='ltr'><strong>caelestem</strong></span> <span class='ocrx_word' id='word_1_112' title='bbox 993 1081 1119 1115; x_wconf 73' lang='lat' dir='ltr'><strong>palpitat</strong></span> <span class='ocrx_word' id='word_1_113' title='bbox 1139 1088 1227 1114; x_wconf 85' lang='lat' dir='ltr'><strong>esum,</strong></span> 
     </span>
     <span class='ocr_line' id='line_1_23' title="bbox 516 1117 1325 1153; baseline -0.004 -7"><span class='ocrx_word' id='word_1_114' title='bbox 516 1119 596 1152; x_wconf 76' lang='lat' dir='ltr'><strong>Quae</strong></span> <span class='ocrx_word' id='word_1_115' title='bbox 615 1128 667 1146; x_wconf 85' lang='lat' dir='ltr'><strong>nos</strong></span> <span class='ocrx_word' id='word_1_116' title='bbox 687 1126 771 1153; x_wconf 82' lang='lat' dir='ltr'><strong>prece</strong></span> <span class='ocrx_word' id='word_1_117' title='bbox 791 1119 841 1153; x_wconf 87' lang='lat' dir='ltr'><strong>pia</strong></span> <span class='ocrx_word' id='word_1_118' title='bbox 859 1117 998 1153; x_wconf 81' lang='lat' dir='ltr'><strong>perducat</strong></span> <span class='ocrx_word' id='word_1_119' title='bbox 1015 1119 1047 1144; x_wconf 86' lang='lat' dir='ltr'><strong>in</strong></span> <span class='ocrx_word' id='word_1_120' title='bbox 1067 1117 1186 1145; x_wconf 79' lang='lat' dir='ltr'><strong>aethera</strong></span> <span class='ocrx_word' id='word_1_121' title='bbox 1205 1123 1325 1144; x_wconf 84' lang='lat' dir='ltr'><strong>summa.</strong></span> 
     </span>
    </p>
   </div>
   <div class='ocr_carea' id='block_1_7' title="bbox 249 1189 1539 1262">
    <p class='ocr_par' dir='ltr' id='par_1_10' title="bbox 249 1189 1539 1262">
     <span class='ocr_line' id='line_1_24' title="bbox 324 1189 1539 1228; baseline 0 -8"><span class='ocrx_word' id='word_1_122' title='bbox 324 1192 368 1221; x_wconf 88' lang='grc'><strong>81.</strong></span> <span class='ocrx_word' id='word_1_123' title='bbox 388 1193 611 1228; x_wconf 85' lang='lat' dir='ltr'><strong>Euphemiae</strong></span> <span class='ocrx_word' id='word_1_124' title='bbox 635 1194 771 1228; x_wconf 86' lang='lat' dir='ltr'><strong>virginis,</strong></span> <span class='ocrx_word' id='word_1_125' title='bbox 803 1189 846 1218; x_wconf 87' lang='lat'><strong>16.</strong></span> <span class='ocrx_word' id='word_1_126' title='bbox 861 1191 939 1226; x_wconf 85' lang='lat' dir='ltr'><strong>Sept.</strong></span> <span class='ocrx_word' id='word_1_127' title='bbox 962 1194 991 1218; x_wconf 87' lang='lat' dir='ltr'><strong>et</strong></span> <span class='ocrx_word' id='word_1_128' title='bbox 1011 1189 1054 1219; x_wconf 82' lang='lat'><strong>13.</strong></span> <span class='ocrx_word' id='word_1_129' title='bbox 1075 1192 1143 1227; x_wconf 87' lang='lat' dir='ltr'><strong>Apr.</strong></span> <span class='ocrx_word' id='word_1_130' title='bbox 1164 1189 1225 1227; x_wconf 85' lang='lat' dir='ltr'><strong>[fol.</strong></span> <span class='ocrx_word' id='word_1_131' title='bbox 1248 1189 1349 1227; x_wconf 82' lang='lat' dir='ltr'><strong>222a].</strong></span> <span class='ocrx_word' id='word_1_132' title='bbox 1392 1193 1471 1220; x_wconf 83' lang='lat' dir='ltr'><strong>Zwei</strong></span> <span class='ocrx_word' id='word_1_133' title='bbox 1492 1191 1539 1220; x_wconf 86' lang='grc' dir='ltr'><strong>ΑΑ</strong></span> 
     </span>
     <span class='ocr_line' id='line_1_25' title="bbox 249 1227 1018 1262; baseline -0.005 -2"><span class='ocrx_word' id='word_1_134' title='bbox 249 1231 308 1260; x_wconf 84' lang='lat' dir='ltr'><strong>und</strong></span> <span class='ocrx_word' id='word_1_135' title='bbox 328 1232 375 1258; x_wconf 88' lang='lat' dir='ltr'><strong>ein</strong></span> <span class='ocrx_word' id='word_1_136' title='bbox 396 1228 416 1256; x_wconf 83' lang='lat' dir='ltr'>R</span> <span class='ocrx_word' id='word_1_137' title='bbox 437 1239 488 1257; x_wconf 83' lang='lat' dir='ltr'><strong>aus</strong></span> <span class='ocrx_word' id='word_1_138' title='bbox 509 1230 571 1257; x_wconf 88' lang='lat' dir='ltr'><strong>dem</strong></span> <span class='ocrx_word' id='word_1_139' title='bbox 593 1229 724 1258; x_wconf 84' lang='lat' dir='ltr'><strong>Officium</strong></span> <span class='ocrx_word' id='word_1_140' title='bbox 744 1229 819 1257; x_wconf 82' lang='lat' dir='ltr'><strong>Anal</strong></span> <span class='ocrx_word' id='word_1_141' title='bbox 846 1229 881 1262; x_wconf 91' lang='lat' dir='ltr'><strong>V,</strong></span> <span class='ocrx_word' id='word_1_142' title='bbox 903 1229 952 1257; x_wconf 83' lang='lat' dir='ltr'><strong>Nr.</strong></span> <span class='ocrx_word' id='word_1_143' title='bbox 974 1227 1018 1256; x_wconf 84' lang='lat'><strong>59.</strong></span> 
     </span>
    </p>
   </div>
   <div class='ocr_carea' id='block_1_8' title="bbox 250 1301 1537 1375">
    <p class='ocr_par' dir='ltr' id='par_1_11' title="bbox 250 1301 1537 1375">
     <span class='ocr_line' id='line_1_26' title="bbox 325 1301 1537 1339; baseline 0.002 -8"><span class='ocrx_word' id='word_1_144' title='bbox 325 1303 370 1332; x_wconf 85' lang='lat'><strong>82.</strong></span> <span class='ocrx_word' id='word_1_145' title='bbox 389 1304 561 1339; x_wconf 87' lang='lat' dir='ltr'><strong>Eutropii</strong></span> <span class='ocrx_word' id='word_1_146' title='bbox 581 1305 709 1339; x_wconf 85' lang='lat' dir='ltr'><strong>episcopi</strong></span> <span class='ocrx_word' id='word_1_147' title='bbox 730 1306 757 1331; x_wconf 77' lang='lat' dir='ltr'><strong>et</strong></span> <span class='ocrx_word' id='word_1_148' title='bbox 776 1304 919 1338; x_wconf 85' lang='lat' dir='ltr'><strong>martyris,</strong></span> <span class='ocrx_word' id='word_1_149' title='bbox 943 1301 985 1330; x_wconf 84' lang='lat'><strong>18.</strong></span> <span class='ocrx_word' id='word_1_150' title='bbox 999 1301 1142 1339; x_wconf 81' lang='lat' dir='ltr'><strong>Jan.[f01.</strong></span> <span class='ocrx_word' id='word_1_151' title='bbox 1156 1303 1192 1331; x_wconf 89' lang='lat'><strong>70</strong></span> <span class='ocrx_word' id='word_1_152' title='bbox 1200 1301 1238 1339; x_wconf 91' lang='lat' dir='ltr'><strong>a].</strong></span> <span class='ocrx_word' id='word_1_153' title='bbox 1274 1302 1293 1329; x_wconf 83' lang='grc' dir='ltr'>Β</span> <span class='ocrx_word' id='word_1_154' title='bbox 1309 1302 1326 1330; x_wconf 89' lang='grc'>2</span> <span class='ocrx_word' id='word_1_155' title='bbox 1346 1304 1397 1332; x_wconf 83' lang='lat' dir='ltr'><strong>der</strong></span> <span class='ocrx_word' id='word_1_156' title='bbox 1410 1302 1437 1332; x_wconf 88' lang='lat'><strong>3.</strong></span> <span class='ocrx_word' id='word_1_157' title='bbox 1452 1306 1537 1333; x_wconf 53' lang='lat' dir='ltr'><strong>NoctM</strong></span> 
     </span>
     <span class='ocr_line' id='line_1_27' title="bbox 250 1338 879 1375; baseline -0.005 -5"><span class='ocrx_word' id='word_1_158' title='bbox 250 1351 302 1370; x_wconf 87' lang='lat' dir='ltr'><strong>aus</strong></span> <span class='ocrx_word' id='word_1_159' title='bbox 322 1342 386 1369; x_wconf 87' lang='lat' dir='ltr'><strong>dem</strong></span> <span class='ocrx_word' id='word_1_160' title='bbox 406 1341 538 1369; x_wconf 84' lang='lat' dir='ltr'><strong>Officium</strong></span> <span class='ocrx_word' id='word_1_161' title='bbox 558 1341 644 1368; x_wconf 81' lang='lat' dir='ltr'><strong>Anal.</strong></span> <span class='ocrx_word' id='word_1_162' title='bbox 664 1341 745 1375; x_wconf 80' lang='lat' dir='ltr'><strong>XIII,</strong></span> <span class='ocrx_word' id='word_1_163' title='bbox 766 1340 794 1367; x_wconf 84' lang='lat' dir='ltr'><strong>S.</strong></span> <span class='ocrx_word' id='word_1_164' title='bbox 818 1338 879 1368; x_wconf 83' lang='lat'><strong>136.</strong></span> 
     </span>
    </p>
   </div>
   <div class='ocr_carea' id='block_1_9' title="bbox 250 1413 1539 1482">
    <p class='ocr_par' dir='ltr' id='par_1_12' title="bbox 250 1413 1539 1482">
     <span class='ocr_line' id='line_1_28' title="bbox 324 1413 1539 1455; baseline 0.003 -13"><span class='ocrx_word' id='word_1_165' title='bbox 324 1413 369 1443; x_wconf 85' lang='lat'><strong>83.</strong></span> <span class='ocrx_word' id='word_1_166' title='bbox 389 1416 592 1451; x_wconf 85' lang='lat' dir='ltr'><strong>Evergisli,</strong></span> <span class='ocrx_word' id='word_1_167' title='bbox 614 1418 742 1452; x_wconf 80' lang='lat' dir='ltr'><strong>episcopi</strong></span> <span class='ocrx_word' id='word_1_168' title='bbox 764 1415 943 1443; x_wconf 80' lang='lat' dir='ltr'><strong>Coloniensis</strong></span> <span class='ocrx_word' id='word_1_169' title='bbox 965 1417 994 1443; x_wconf 82' lang='lat' dir='ltr'><strong>et</strong></span> <span class='ocrx_word' id='word_1_170' title='bbox 1012 1418 1155 1451; x_wconf 79' lang='lat' dir='ltr'><strong>martyris,</strong></span> <span class='ocrx_word' id='word_1_171' title='bbox 1180 1415 1215 1443; x_wconf 85' lang='lat'><strong>10</strong></span> <span class='ocrx_word' id='word_1_172' title='bbox 1229 1414 1274 1443; x_wconf 79' lang='lat'><strong>24.</strong></span> <span class='ocrx_word' id='word_1_173' title='bbox 1289 1416 1351 1444; x_wconf 84' lang='lat' dir='ltr'><strong>Oct.</strong></span> <span class='ocrx_word' id='word_1_174' title='bbox 1366 1414 1428 1453; x_wconf 85' lang='lat' dir='ltr'><strong>[fol.</strong></span> <span class='ocrx_word' id='word_1_175' title='bbox 1445 1416 1539 1455; x_wconf 78' lang='lat' dir='ltr'><strong>104a].</strong></span> 
     </span>
     <span class='ocr_line' id='line_1_29' title="bbox 250 1453 778 1482; baseline -0.008 0"><span class='ocrx_word' id='word_1_176' title='bbox 250 1456 310 1482; x_wconf 78' lang='lat' dir='ltr'><strong>Aus</strong></span> <span class='ocrx_word' id='word_1_177' title='bbox 331 1454 424 1481; x_wconf 88' lang='lat' dir='ltr'><strong>einem</strong></span> <span class='ocrx_word' id='word_1_178' title='bbox 443 1454 613 1480; x_wconf 84' lang='lat' dir='ltr'><strong>verlorenen</strong></span> <span class='ocrx_word' id='word_1_179' title='bbox 633 1453 778 1481; x_wconf 86' lang='lat' dir='ltr'><strong>Officium:</strong></span> 
     </span>
    </p>
   </div>
   <div class='ocr_carea' id='block_1_10' title="bbox 554 1508 1099 1730">
    <p class='ocr_par' dir='ltr' id='par_1_13' title="bbox 554 1508 1099 1730">
     <span class='ocr_line' id='line_1_30' title="bbox 554 1508 923 1536; baseline 0.005 -2"><span class='ocrx_word' id='word_1_180' title='bbox 554 1508 588 1535; x_wconf 88' lang='lat' dir='ltr'><strong>A.</strong></span> <span class='ocrx_word' id='word_1_181' title='bbox 616 1509 726 1536; x_wconf 85' lang='lat' dir='ltr'><strong>Assunt</strong></span> <span class='ocrx_word' id='word_1_182' title='bbox 744 1509 829 1536; x_wconf 90' lang='lat' dir='ltr'><strong>nobis</strong></span> <span class='ocrx_word' id='word_1_183' title='bbox 848 1510 923 1536; x_wconf 86' lang='lat' dir='ltr'><strong>festa</strong></span> 
     </span>
     <span class='ocr_line' id='line_1_31' title="bbox 615 1546 1064 1582; baseline 0.002 -9"><span class='ocrx_word' id='word_1_184' title='bbox 615 1546 715 1573; x_wconf 87' lang='lat' dir='ltr'><strong>Sancti</strong></span> <span class='ocrx_word' id='word_1_185' title='bbox 734 1546 882 1581; x_wconf 87' lang='lat' dir='ltr'><strong>Evergisli</strong></span> <span class='ocrx_word' id='word_1_186' title='bbox 901 1547 1064 1582; x_wconf 81' lang='lat' dir='ltr'><strong>sollemnia,</strong></span> 
     </span>
     <span class='ocr_line' id='line_1_32' title="bbox 613 1583 1029 1611; baseline 0.002 -1"><span class='ocrx_word' id='word_1_187' title='bbox 613 1583 700 1611; x_wconf 88' lang='lat' dir='ltr'><strong>Cuius</strong></span> <span class='ocrx_word' id='word_1_188' title='bbox 720 1584 885 1611; x_wconf 83' lang='lat' dir='ltr'><strong>veneranda</strong></span> <span class='ocrx_word' id='word_1_189' title='bbox 903 1585 1029 1611; x_wconf 86' lang='lat' dir='ltr'><strong>victoria</strong></span> 
     </span>
     <span class='ocr_line' id='line_1_33' title="bbox 609 1621 1093 1657; baseline 0.002 -9"><span class='ocrx_word' id='word_1_190' title='bbox 609 1622 772 1655; x_wconf 83' lang='lat' dir='ltr'><strong>Martyrum</strong></span> <span class='ocrx_word' id='word_1_191' title='bbox 790 1621 914 1657; x_wconf 78' lang='lat' dir='ltr'><strong>refulget</strong></span> <span class='ocrx_word' id='word_1_192' title='bbox 932 1622 966 1648; x_wconf 89' lang='lat' dir='ltr'><strong>in</strong></span> <span class='ocrx_word' id='word_1_193' title='bbox 983 1621 1093 1657; x_wconf 76' lang='lat' dir='ltr'><strong>gloria-,</strong></span> 
     </span>
     <span class='ocr_line' id='line_1_34' title="bbox 610 1658 1035 1693; baseline 0.002 -8"><span class='ocrx_word' id='word_1_194' title='bbox 610 1658 666 1685; x_wconf 86' lang='lat' dir='ltr'><strong>Per</strong></span> <span class='ocrx_word' id='word_1_195' title='bbox 684 1660 746 1686; x_wconf 87' lang='lat' dir='ltr'><strong>eius</strong></span> <span class='ocrx_word' id='word_1_196' title='bbox 765 1659 894 1693; x_wconf 84' lang='lat' dir='ltr'><strong>pretiosa</strong></span> <span class='ocrx_word' id='word_1_197' title='bbox 905 1659 1035 1692; x_wconf 85' lang='lat' dir='ltr'><strong>vulnera,</strong></span> 
     </span>
     <span class='ocr_line' id='line_1_35' title="bbox 613 1695 1099 1730; baseline 0 -8"><span class='ocrx_word' id='word_1_198' title='bbox 613 1695 733 1730; x_wconf 76' lang='lat' dir='ltr'><strong>Christe,</strong></span> <span class='ocrx_word' id='word_1_199' title='bbox 753 1696 812 1722; x_wconf 84' lang='lat' dir='ltr'><strong>tuis</strong></span> <span class='ocrx_word' id='word_1_200' title='bbox 832 1696 963 1723; x_wconf 81' lang='lat' dir='ltr'><strong>condona</strong></span> <span class='ocrx_word' id='word_1_201' title='bbox 982 1697 1099 1724; x_wconf 84' lang='lat' dir='ltr'><strong>scelera.</strong></span> 
     </span>
    </p>
   </div>
   <div class='ocr_carea' id='block_1_11' title="bbox 526 1751 1176 1901">
    <p class='ocr_par' dir='ltr' id='par_1_14' title="bbox 526 1751 1176 1901">
     <span class='ocr_line' id='line_1_36' title="bbox 526 1751 1152 1788; baseline 0.003 -10"><span class='ocrx_word' id='word_1_202' title='bbox 526 1751 589 1778; x_wconf 87' lang='lat' dir='ltr'><strong>Inv.</strong></span> <span class='ocrx_word' id='word_1_203' title='bbox 612 1751 812 1779; x_wconf 84' lang='lat' dir='ltr'><strong>Collaudemus</strong></span> <span class='ocrx_word' id='word_1_204' title='bbox 832 1760 927 1788; x_wconf 84' lang='lat' dir='ltr'><strong>regem</strong></span> <span class='ocrx_word' id='word_1_205' title='bbox 947 1754 1152 1788; x_wconf 82' lang='lat' dir='ltr'><strong>sempiternum</strong></span> 
     </span>
     <span class='ocr_line' id='line_1_37' title="bbox 613 1789 1176 1825; baseline 0.005 -10"><span class='ocrx_word' id='word_1_206' title='bbox 613 1789 670 1821; x_wconf 82' lang='lat' dir='ltr'><strong>Qui</strong></span> <span class='ocrx_word' id='word_1_207' title='bbox 689 1791 765 1825; x_wconf 80' lang='lat' dir='ltr'><strong>regit</strong></span> <span class='ocrx_word' id='word_1_208' title='bbox 782 1791 895 1823; x_wconf 87' lang='lat' dir='ltr'><strong>terram,</strong></span> <span class='ocrx_word' id='word_1_209' title='bbox 915 1798 1001 1824; x_wconf 88' lang='lat' dir='ltr'><strong>mare,</strong></span> <span class='ocrx_word' id='word_1_210' title='bbox 1024 1791 1176 1825; x_wconf 85' lang='lat' dir='ltr'><strong>infernum,</strong></span> 
     </span>
     <span class='ocr_line' id='line_1_38' title="bbox 613 1826 1075 1862; baseline 0.006 -9"><span class='ocrx_word' id='word_1_211' title='bbox 613 1826 701 1853; x_wconf 77' lang='lat' dir='ltr'><strong>Cuius</strong></span> <span class='ocrx_word' id='word_1_212' title='bbox 723 1835 776 1862; x_wconf 86' lang='lat' dir='ltr'><strong>ope</strong></span> <span class='ocrx_word' id='word_1_213' title='bbox 796 1835 911 1855; x_wconf 81' lang='lat' dir='ltr'><strong>currens</strong></span> <span class='ocrx_word' id='word_1_214' title='bbox 931 1829 962 1854; x_wconf 88' lang='lat' dir='ltr'><strong>in</strong></span> <span class='ocrx_word' id='word_1_215' title='bbox 981 1829 1075 1856; x_wconf 87' lang='lat' dir='ltr'><strong>stadio</strong></span> 
     </span>
     <span class='ocr_line' id='line_1_39' title="bbox 613 1862 1046 1901; baseline 0.007 -11"><span class='ocrx_word' id='word_1_216' title='bbox 613 1863 780 1900; x_wconf 82' lang='lat' dir='ltr'><strong>Evergislus</strong></span> <span class='ocrx_word' id='word_1_217' title='bbox 799 1862 881 1891; x_wconf 77' lang='lat' dir='ltr'><strong>fulsit</strong></span> <span class='ocrx_word' id='word_1_218' title='bbox 898 1867 1046 1901; x_wconf 82' lang='lat' dir='ltr'><strong>martyrio.</strong></span> 
     </span>
    </p>
   </div>
   <div class='ocr_carea' id='block_1_12' title="bbox 482 1920 1305 2034">
    <p class='ocr_par' dir='ltr' id='par_1_15' title="bbox 482 1920 1305 2034">
     <span class='ocr_line' id='line_1_40' title="bbox 485 1920 1275 1958; baseline 0.004 -11"><span class='ocrx_word' id='word_1_219' title='bbox 485 1920 519 1947; x_wconf 82' lang='lat' dir='ltr'><strong>R.</strong></span> <span class='ocrx_word' id='word_1_220' title='bbox 540 1920 564 1947; x_wconf 93' lang='lat' dir='ltr'>O</span> <span class='ocrx_word' id='word_1_221' title='bbox 584 1921 693 1955; x_wconf 82' lang='lat' dir='ltr'><strong>martyr</strong></span> <span class='ocrx_word' id='word_1_222' title='bbox 712 1921 798 1955; x_wconf 85' lang='lat' dir='ltr'><strong>digne</strong></span> <span class='ocrx_word' id='word_1_223' title='bbox 817 1922 928 1948; x_wconf 84' lang='lat' dir='ltr'><strong>meritis</strong></span> <span class='ocrx_word' id='word_1_224' title='bbox 948 1923 1122 1958; x_wconf 82' lang='lat' dir='ltr'><strong>praesulque</strong></span> <span class='ocrx_word' id='word_1_225' title='bbox 1141 1923 1275 1958; x_wconf 80' lang='lat' dir='ltr'><strong>benigne,</strong></span> 
     </span>
     <span class='ocr_line' id='line_1_41' title="bbox 540 1957 1136 1994; baseline 0.007 -11"><span class='ocrx_word' id='word_1_226' title='bbox 540 1957 700 1992; x_wconf 82' lang='lat' dir='ltr'><strong>Evergisle,</strong></span> <span class='ocrx_word' id='word_1_227' title='bbox 720 1958 777 1985; x_wconf 91' lang='lat' dir='ltr'><strong>Dei</strong></span> <span class='ocrx_word' id='word_1_228' title='bbox 796 1967 849 1985; x_wconf 91' lang='lat' dir='ltr'><strong>nos</strong></span> <span class='ocrx_word' id='word_1_229' title='bbox 869 1962 1023 1994; x_wconf 85' lang='lat' dir='ltr'><strong>praesenta</strong></span> <span class='ocrx_word' id='word_1_230' title='bbox 1042 1960 1136 1994; x_wconf 83' lang='lat' dir='ltr'><strong>faciei,</strong></span> 
     </span>
     <span class='ocr_line' id='line_1_42' title="bbox 482 1994 1305 2034; baseline 0.005 -13"><span class='ocrx_word' id='word_1_231' title='bbox 482 1995 517 2021; x_wconf 88' lang='lat' dir='ltr'><strong>V.</strong></span> <span class='ocrx_word' id='word_1_232' title='bbox 536 1995 648 2028; x_wconf 80' lang='lat' dir='ltr'><strong>Martyr</strong></span> <span class='ocrx_word' id='word_1_233' title='bbox 668 1995 778 2027; x_wconf 76' lang='lat' dir='ltr'><strong>eximie,</strong></span> <span class='ocrx_word' id='word_1_234' title='bbox 799 1996 884 2023; x_wconf 88' lang='lat' dir='ltr'><strong>nobis</strong></span> <span class='ocrx_word' id='word_1_235' title='bbox 892 1994 915 2030; x_wconf 92' lang='lat'><strong>¹)</strong></span> <span class='ocrx_word' id='word_1_236' title='bbox 933 1997 1047 2032; x_wconf 75' lang='lat' dir='ltr'><strong>placato</strong></span> <span class='ocrx_word' id='word_1_237' title='bbox 1068 2006 1166 2034; x_wconf 85' lang='lat' dir='ltr'><strong>regem</strong></span> <span class='ocrx_word' id='word_1_238' title='bbox 1184 1997 1305 2034; x_wconf 84' lang='lat' dir='ltr'><strong>gloriae.</strong></span> 
     </span>
    </p>
   </div>
   <div class='ocr_carea' id='block_1_13' title="bbox 347 2047 1359 2086">
    <p class='ocr_par' dir='ltr' id='par_1_16' title="bbox 347 2047 1359 2086">
     <span class='ocr_line' id='line_1_43' title="bbox 347 2047 1359 2086; baseline 0.006 -10"><span class='ocrx_word' id='word_1_239' title='bbox 347 2047 385 2076; x_wconf 83' lang='lat'><strong>20</strong></span> <span class='ocrx_word' id='word_1_240' title='bbox 405 2047 449 2077; x_wconf 87' lang='lat'><strong>38.</strong></span> <span class='ocrx_word' id='word_1_241' title='bbox 469 2050 570 2077; x_wconf 84' lang='lat' dir='ltr'><strong>Martii</strong></span> <span class='ocrx_word' id='word_1_242' title='bbox 589 2048 650 2086; x_wconf 82' lang='lat' dir='ltr'><strong>[fol.</strong></span> <span class='ocrx_word' id='word_1_243' title='bbox 673 2049 726 2078; x_wconf 85' lang='lat'><strong>147</strong></span> <span class='ocrx_word' id='word_1_244' title='bbox 735 2047 775 2086; x_wconf 89' lang='lat' dir='ltr'><strong>b],</strong></span> <span class='ocrx_word' id='word_1_245' title='bbox 795 2051 828 2077; x_wconf 84' lang='lat' dir='ltr'><strong>in</strong></span> <span class='ocrx_word' id='word_1_246' title='bbox 848 2052 1046 2080; x_wconf 82' lang='lat' dir='ltr'><strong>translatione.</strong></span> <span class='ocrx_word' id='word_1_247' title='bbox 1087 2053 1165 2081; x_wconf 85' lang='lat' dir='ltr'><strong>Eine</strong></span> <span class='ocrx_word' id='word_1_248' title='bbox 1184 2055 1303 2082; x_wconf 82' lang='lat' dir='ltr'><strong>weitere</strong></span> <span class='ocrx_word' id='word_1_249' title='bbox 1325 2055 1359 2082; x_wconf 77' lang='lat' dir='ltr'><strong>A:</strong></span> 
     </span>
    </p>
   </div>
   <div class='ocr_carea' id='block_1_14' title="bbox 477 2106 1297 2221">
    <p class='ocr_par' dir='ltr' id='par_1_17' title="bbox 477 2106 1297 2221">
     <span class='ocr_line' id='line_1_44' title="bbox 477 2106 1273 2145; baseline 0.006 -12"><span class='ocrx_word' id='word_1_250' title='bbox 477 2107 511 2134; x_wconf 92' lang='lat' dir='ltr'><strong>A.</strong></span> <span class='ocrx_word' id='word_1_251' title='bbox 533 2106 660 2134; x_wconf 84' lang='lat' dir='ltr'><strong>Caelitus</strong></span> <span class='ocrx_word' id='word_1_252' title='bbox 680 2107 844 2134; x_wconf 79' lang='lat' dir='ltr'><strong>admonitus</strong></span> <span class='ocrx_word' id='word_1_253' title='bbox 863 2108 961 2135; x_wconf 84' lang='lat' dir='ltr'><strong>Bruno</strong></span> <span class='ocrx_word' id='word_1_254' title='bbox 981 2111 1093 2137; x_wconf 83' lang='lat' dir='ltr'><strong>meritis</strong></span> <span class='ocrx_word' id='word_1_255' title='bbox 1113 2111 1273 2145; x_wconf 80' lang='lat' dir='ltr'><strong>redimitus,</strong></span> 
     </span>
     <span class='ocr_line' id='line_1_45' title="bbox 521 2144 1297 2184; baseline 0.006 -13"><span class='ocrx_word' id='word_1_256' title='bbox 521 2144 642 2171; x_wconf 83' lang='lat' dir='ltr'><strong>Praesul</strong></span> <span class='ocrx_word' id='word_1_257' title='bbox 660 2146 816 2172; x_wconf 87' lang='lat' dir='ltr'><strong>vicesimus</strong></span> <span class='ocrx_word' id='word_1_258' title='bbox 837 2148 955 2181; x_wconf 82' lang='lat' dir='ltr'><strong>quartus</strong></span> <span class='ocrx_word' id='word_1_259' title='bbox 975 2147 1022 2174; x_wconf 85' lang='lat' dir='ltr'><strong>vel</strong></span> <span class='ocrx_word' id='word_1_260' title='bbox 1043 2149 1160 2175; x_wconf 86' lang='lat' dir='ltr'><strong>nomine</strong></span> <span class='ocrx_word' id='word_1_261' title='bbox 1178 2149 1297 2184; x_wconf 87' lang='lat' dir='ltr'><strong>primus,</strong></span> 
     </span>
     <span class='ocr_line' id='line_1_46' title="bbox 520 2181 1197 2221; baseline 0.006 -12"><span class='ocrx_word' id='word_1_262' title='bbox 520 2181 643 2209; x_wconf 84' lang='lat' dir='ltr'><strong>Exstitit</strong></span> <span class='ocrx_word' id='word_1_263' title='bbox 665 2183 805 2210; x_wconf 81' lang='lat' dir='ltr'><strong>almarum</strong></span> <span class='ocrx_word' id='word_1_264' title='bbox 824 2183 982 2210; x_wconf 81' lang='lat' dir='ltr'><strong>translator</strong></span> <span class='ocrx_word' id='word_1_265' title='bbox 1001 2185 1197 2221; x_wconf 88' lang='lat' dir='ltr'><strong>reliquiarum.</strong></span> 
     </span>
    </p>
   </div>
   <div class='ocr_carea' id='block_1_15' title="bbox 255 2236 1548 2310">
    <p class='ocr_par' dir='ltr' id='par_1_18' title="bbox 255 2236 1548 2310">
     <span class='ocr_line' id='line_1_47' title="bbox 331 2236 1548 2277; baseline 0.009 -13"><span class='ocrx_word' id='word_1_266' title='bbox 331 2237 419 2264; x_wconf 86' lang='lat' dir='ltr'><strong>Diese</strong></span> <span class='ocrx_word' id='word_1_267' title='bbox 438 2236 457 2262; x_wconf 85' lang='grc' dir='ltr'>Α</span> <span class='ocrx_word' id='word_1_268' title='bbox 477 2237 586 2265; x_wconf 73' lang='lat' dir='ltr'><strong>konnte</strong></span> <span class='ocrx_word' id='word_1_269' title='bbox 605 2239 687 2266; x_wconf 83' lang='lat' dir='ltr'><strong>indes</strong></span> <span class='ocrx_word' id='word_1_270' title='bbox 708 2239 782 2266; x_wconf 84' lang='lat' dir='ltr'><strong>auch</strong></span> <span class='ocrx_word' id='word_1_271' title='bbox 803 2248 839 2266; x_wconf 85' lang='lat' dir='ltr'><strong>zu</strong></span> <span class='ocrx_word' id='word_1_272' title='bbox 859 2239 915 2267; x_wconf 87' lang='lat' dir='ltr'><strong>‹len</strong></span> <span class='ocrx_word' id='word_1_273' title='bbox 935 2241 1074 2277; x_wconf 81' lang='lat' dir='ltr'><strong>eingangs</strong></span> <span class='ocrx_word' id='word_1_274' title='bbox 1094 2242 1374 2272; x_wconf 81' lang='lat' dir='ltr'><strong>charakterisierten</strong></span> <span class='ocrx_word' id='word_1_275' title='bbox 1392 2246 1548 2276; x_wconf 76' lang='lat' dir='ltr'><strong>Distichen</strong></span> 
     </span>
     <span class='ocr_line' id='line_1_48' title="bbox 255 2275 652 2310; baseline 0.005 -9"><span class='ocrx_word' id='word_1_276' title='bbox 255 2282 374 2302; x_wconf 87' lang='lat' dir='ltr'><strong>unserer</strong></span> <span class='ocrx_word' id='word_1_277' title='bbox 394 2275 496 2308; x_wconf 81' lang='lat' dir='ltr'><strong>Quelle</strong></span> <span class='ocrx_word' id='word_1_278' title='bbox 518 2275 652 2310; x_wconf 72' lang='lat' dir='ltr'><strong>gehoren.</strong></span> 
     </span>
    </p>
   </div>
   <div class='ocr_carea' id='block_1_16' title="bbox 254 2330 477 2335">
    <p class='ocr_par' dir='ltr' id='par_1_19' title="bbox 254 2330 477 2335">
     <span class='ocr_line' id='line_1_49' title="bbox 254 2330 477 2335; baseline 0 0"><span class='ocrx_word' id='word_1_279' title='bbox 254 2330 477 2335; x_wconf 95' lang='lat' dir='ltr'><strong> </strong></span> 
     </span>
    </p>
   </div>
   <div class='ocr_carea' id='block_1_17' title="bbox 252 2355 1545 2430">
    <p class='ocr_par' dir='ltr' id='par_1_20' title="bbox 252 2355 1545 2430">
     <span class='ocr_line' id='line_1_50' title="bbox 258 2355 1545 2404; baseline 0.012 -20"><span class='ocrx_word' id='word_1_280' title='bbox 258 2395 264 2401; x_wconf 39' lang='grc' dir='ltr'>Ι</span> <span class='ocrx_word' id='word_1_281' title='bbox 331 2355 353 2401; x_wconf 49' lang='grc'><strong>1.)</strong></span> <span class='ocrx_word' id='word_1_282' title='bbox 371 2358 527 2404; x_wconf 73' lang='lat' dir='ltr'><strong>Vielleicht</strong></span> <span class='ocrx_word' id='word_1_283' title='bbox 545 2370 582 2388; x_wconf 86' lang='lat' dir='ltr'><strong>zu</strong></span> <span class='ocrx_word' id='word_1_284' title='bbox 599 2361 693 2389; x_wconf 86' lang='lat' dir='ltr'><strong>lesen:</strong></span> <span class='ocrx_word' id='word_1_285' title='bbox 719 2362 832 2396; x_wconf 75' lang='lat' dir='ltr'><strong>Martyr</strong></span> <span class='ocrx_word' id='word_1_286' title='bbox 850 2363 936 2390; x_wconf 85' lang='lat' dir='ltr'><strong>nobis</strong></span> <span class='ocrx_word' id='word_1_287' title='bbox 957 2364 1076 2401; x_wconf 77' lang='lat' dir='ltr'><strong>eximie3</strong></span> <span class='ocrx_word' id='word_1_288' title='bbox 1103 2365 1153 2393; x_wconf 83' lang='lat' dir='ltr'><strong>der</strong></span> <span class='ocrx_word' id='word_1_289' title='bbox 1171 2367 1207 2394; x_wconf 79' lang='lat' dir='ltr'><strong>V.</strong></span> <span class='ocrx_word' id='word_1_290' title='bbox 1227 2357 1370 2396; x_wconf 71' lang='lat' dir='ltr'><strong>bestfinde</strong></span> <span class='ocrx_word' id='word_1_291' title='bbox 1392 2369 1472 2399; x_wconf 76' lang='lat' dir='ltr'><strong>daun</strong></span> <span class='ocrx_word' id='word_1_292' title='bbox 1492 2379 1545 2402; x_wconf 85' lang='lat' dir='ltr'><strong>aus</strong></span> 
     </span>
     <span class='ocr_line' id='line_1_51' title="bbox 252 2395 611 2430; baseline 0.011 -8"><span class='ocrx_word' id='word_1_293' title='bbox 252 2395 434 2430; x_wconf 81' lang='lat' dir='ltr'><strong>Jamblschen</strong></span> <span class='ocrx_word' id='word_1_294' title='bbox 453 2398 611 2426; x_wconf 80' lang='lat' dir='ltr'><strong>Dimetern.</strong></span> 
     </span>
    </p>
   </div>
  </div>
 </body>
</html>
