1655 2534
709 142 965 178 -126-

323 243 369 274 In
395 243 426 275 2.
451 240 679 272 Nocturno.

406 324 599 359 Antiphonae.

208 394 239 425 1.
265 391 348 423 Dum
372 390 442 422 loca
459 398 518 429 per
544 391 676 427 vastam,

310 439 436 468 maneat
459 436 513 467 ubi
535 436 645 474 iustus,
673 442 809 465 eremum

266 484 416 523 Vestigat‚
441 483 570 514 inventa
594 485 643 512 est

314 530 450 569 scopulis
475 529 626 568 spelunca
649 527 706 558 sub
725 527 807 568 altiS‚

268 578 356 610 Intus
378 576 497 609 habens
522 574 642 607 fontem
667 576 699 604 et

314 624 473 663 gravidam
497 621 650 653 cariotide
661 621 809 661 palmam.

233 715 239 722 .
265 689 353 729 Quod
377 689 430 720 ubi
454 688 626 727 perspexit,

311 735 432 775 paimas
458 734 602 766 extendit
623 735 776 772 utrasque

267 783 372 822 Atque
396 781 460 813 ait:
484 782 626 820 ingentes

314 827 426 866 refero,
445 827 531 859 Deus
549 828 675 866 optime,
693 828 809 866 grates,

266 875 337 907 Hoc
358 875 434 906 mihi
460 875 512 914 qui
532 873 701 914 hospitium

315 930 427 961 magna
450 921 568 959 pietate
593 919 719 952 dedisti.

234 1010 242 1017 .
267 986 330 1018 Hic
355 994 418 1028 ego,
448 984 579 1024 Christe,
604 989 674 1016 tuas

315 1032 450 1063 conabor
474 1031 609 1063 reddere
631 1029 741 1062 laudes

270 1080 399 1117 Semper
424 1081 456 1109 et
478 1079 511 1109 in
535 1077 672 1108 lacrimis

316 1126 401 1156 caelo
426 1124 562 1163 suspiria
586 1125 709 1159 ducam,

268 1171 377 1202 Donec
399 1172 433 1202 in
456 1173 562 1210 optato

314 1217 412 1248 libeat
437 1220 467 1247 te
488 1224 616 1247 cernere
641 1224 746 1254 regno.

402 1309 608 1343 Responsoria.

234 1392 241 1398 .
268 1366 382 1398 Obviat
403 1366 541 1397 Antonio

314 1415 438 1452 satyrus
462 1421 519 1450 per
546 1412 636 1443 devia
660 1412 753 1443 vallis

270 1460 361 1491 Dona
383 1458 488 1490 ferens
513 1466 707 1498 poscensque

314 1514 425 1543 preces
450 1505 671 1543 Christumque
701 1504 812 1536 salutis

267 1553 434 1583 Auctorem
460 1560 651 1589 memorans3

316 1598 419 1629 senior
442 1597 575 1636 vestigia
598 1598 715 1636 pressit

269 1643 491 1682 Humanasque
512 1642 598 1675 ferae

317 1690 449 1721 miratur
471 1691 504 1721 in
528 1698 583 1721 ore
606 1691 756 1731 loquelas,

233 1762 241 1769 .
269 1736 419 1768 Laetatur
444 1735 560 1767 Christi

317 1791 428 1814 nomen
454 1782 590 1814 crevisse
614 1791 671 1822 per
692 1783 811 1816 orbem.

239 1872 246 1879 .
271 1848 394 1879 Pernox
417 1848 570 1879 secundas

319 1894 423 1926 senior
446 1896 642 1933 transegerat
665 1895 802 1936 umbras,

272 1941 369 1972 Mane
391 1941 466 1980 lupa
492 1941 625 1972 ducente
646 1941 757 1972 videns

319 1988 376 2018 sub
400 1987 530 2026 rupibus
553 1990 675 2018 antrum

272 2035 454 2074 Ingreditur
478 2033 675 2073 strepituque

320 2082 436 2120 pedum
462 2081 612 2121 spelunca
636 2081 770 2120 remugit

273 2127 361 2167 Quod
385 2128 440 2159 ubi
463 2128 629 2168 persensit,

321 2175 437 2206 Paulus
461 2184 533 2206 mox
554 2175 635 2205 ostia
659 2174 780 2214 clausit,

205 2220 242 2253 V.
273 2221 459 2261 Compresso
482 2222 537 2252 ille
561 2221 661 2261 gradu

321 2269 435 2299 tacitus
449 2277 555 2300 vocem
568 2268 695 2300 auribus
702 2268 816 2302 hausit.

218 2335 249 2367 3.
272 2334 399 2367 Corruit
423 2337 496 2366 ante
520 2333 604 2366 fores

323 2381 488 2422 Antonius,
514 2381 595 2413 ostia
618 2381 716 2422 pandi

935 234 1051 269 Clausa
1071 233 1160 274 petit,
1187 231 1314 264 tandem

982 281 1083 314 valvis
1106 281 1261 312 admissus
1285 278 1407 318 apertis

938 329 1032 361 Alter
1056 329 1089 359 in
1113 327 1244 359 alterius

984 376 1084 406 laetus
1110 372 1324 414 complexibus
1349 371 1471 408 haeret,

936 422 981 454 Et
1004 421 1146 454 referunt
1170 420 1302 452 Domino

986 469 1098 500 devoto
1123 470 1252 507 pectore
1276 468 1392 507 grates,

898 540 906 547 .
939 515 1074 547 Nomine
1098 515 1227 554 quisque
1252 513 1349 545 alium

985 561 1116 602 proprio
1141 561 1265 593 salvere
1288 562 1447 599 precatur.

993 701 1040 733 In
1066 704 1096 734 3.
1123 699 1352 732 Nocturno.

1077 793 1272 829 Antiphonae.

904 896 912 902 .
937 871 1049 903 Palma
1068 870 1170 902 cibum
1185 871 1365 909 vestemque
1379 868 1487 910 dabat,

984 916 1052 948 sitis
1077 916 1169 948 arida
1192 914 1289 947 fontis

937 963 1137 995 Mulcebatur
1161 962 1261 1002 aquis,

982 1009 1084 1041 animo
1108 1008 1258 1041 versabat
1282 1008 1412 1048 Olympi

939 1056 1063 1088 Gaudia
1087 1058 1119 1087 et
1141 1057 1174 1087 in
1201 1056 1321 1087 decimo

983 1103 1136 1134 laetantes
1162 1102 1291 1133 aethere
1315 1104 1451 1134 sanctos

905 1201 911 1208 .
938 1177 1048 1215 Longa
1073 1177 1140 1208 dies
1165 1179 1329 1216 postquam

984 1221 1113 1262 fragiles
1139 1223 1328 1255 exhauserat
1352 1226 1450 1261 artus²

937 1269 1111 1310 Spirituum
1136 1269 1260 1301 turbam

986 1315 1129 1348 Christus
1145 1317 1312 1356 praemisit
1326 1315 1367 1349 ab
1380 1317 1485 1356 astris,

938 1363 1006 1402 Qua
1029 1363 1126 1395 vehat
1150 1363 1191 1394 ad
1214 1372 1345 1402 superos

986 1412 1112 1441 exutam
1137 1418 1270 1450 corpore
1293 1413 1439 1443 mentem.

906 1508 913 1515 .
939 1484 1095 1515 Antonius
1119 1485 1211 1517 niveo

986 1529 1066 1562 ferri
1089 1531 1226 1563 candore
1250 1531 1308 1563 sub
1334 1535 1421 1564 astra

941 1576 1080 1616 Suspicit
1102 1578 1253 1610 attonitus

987 1632 1224 1664 properansque
1235 1625 1388 1657 velociter
1400 1626 1492 1658 abdit

940 1670 1061 1709 Corpus
1094 1671 1186 1702 humo
1211 1676 1394 1712 remeatque
1418 1682 1489 1705 suas

986 1717 1126 1758 lugubris
1154 1719 1188 1749 in
1213 1720 1319 1752 aedes.

1077 1840 1282 1876 Responsoria.

910 1941 916 1948 .
943 1915 1123 1948 Consedere
1147 1918 1240 1948 simul

987 1962 1099 1994 viridis
1124 1964 1181 1995 sub
1198 1965 1337 2005 tegmine
1353 1966 1489 2006 palmae,

939 2007 1084 2049 Hospitis
1109 2011 1247 2042 adventu

988 2057 1054 2086 tum
1085 2056 1200 2088 Paulus
1228 2057 1342 2090 laetior
1369 2059 1490 2099 inquit:

941 2101 1013 2138 Dic,
1041 2111 1126 2143 rogo,
1155 2104 1232 2143 quid
1256 2104 1377 2138 faciant

990 2148 1139 2188 homines,
1162 2160 1223 2190 quo
1242 2152 1387 2193 principe
1402 2163 1491 2186 mun-

1269 2199 1328 2230 dus

943 2240 1109 2284 Dirigitur,
1135 2246 1201 2275 toto

992 2288 1019 2319 si
1042 2288 1186 2322 Christus
1210 2296 1322 2332 regnat
1343 2294 1377 2325 in
1404 2295 1491 2339 orbe,

876 2334 912 2368 V.
947 2335 1154 2368 Christicolae
1176 2340 1286 2377 optata

992 2381 1019 2413 si
1043 2383 1171 2415 tandem
1196 2394 1276 2425 pace
1299 2385 1473 2422 fruuntur?
