1655 2534
660 112 704 118 —
754 94 823 128 257
875 114 918 118 --

138 184 173 218 V.
203 184 409 219 Demandans
435 188 525 227 quasi
550 198 608 228 pro
636 189 709 221 dote

208 233 304 265 Hunc
328 234 416 266 ablui
441 234 642 274 baptismate.

145 290 181 322 Ἥ.
209 289 354 328 Spondet
377 293 470 331 pater
495 293 681 335 coniugium,

209 337 381 369 Commune
405 337 441 370 fit
465 338 651 378 tripudium,

207 384 376 423 Tyrannus
403 384 529 418 Christo
554 386 711 428 subditur,

207 431 252 464 Ut
279 432 367 472 virgo
392 432 495 473 iussit,
522 433 635 475 agitur,

134 479 170 508 V.
207 478 318 511 Missis
342 479 477 511 undenis
502 480 636 513 navibus

206 525 283 558 Cum
310 529 359 558 tot
381 527 539 566 virginum
563 528 700 559 milibus.

145 584 179 614 3.
204 582 347 615 Decurso
371 583 434 614 iam
460 583 595 616 triennio

205 630 350 671 Virgines
378 630 491 670 dignae
516 631 657 670 praemio

203 677 321 709 Natale
345 678 446 709 solum
474 678 624 710 deserunt

201 724 340 765 Seseque
363 725 445 756 mari
470 724 647 767 conferunt,

131 772 168 805 V.
201 771 273 803 Hae
297 780 393 803 verae
416 772 582 804 Israelitae

203 819 397 857 Quaerentes
422 818 560 858 patriam
586 819 678 853 vitae.

265 933 311 965 In
338 934 369 965 3.
395 931 622 964 Nocturno.

345 1005 539 1041 Antiphonae.

143 1064 173 1096 1.
199 1063 386 1095 Mirifioavit
408 1063 563 1095 Dominus

203 1110 346 1142 Gratiam
372 1119 460 1141 suam
485 1110 518 1140 in
543 1110 618 1150 illis,

205 1158 284 1196 Quia
308 1166 385 1197 pars
407 1156 595 1189 hereditatis

202 1204 321 1237 Earum
349 1206 397 1235 est
422 1206 453 1234 et
476 1203 595 1243 ealieiS,

200 1251 359 1291 Martyrio
386 1251 572 1282 candidatas

200 1299 289 1331 Caeli
313 1307 409 1337 regno
437 1297 514 1329 fecit
539 1298 659 1338 dignas.

145 1358 175 1387 2.
203 1355 302 1393 Quam
325 1355 460 1394 pulchra
485 1355 645 1394 generatio

205 1402 342 1435 Caelesti
369 1411 438 1433 eum
466 1402 611 1433 claritate

201 1449 332 1481 Vultum
358 1448 467 1488 sponsi
492 1448 718 1488 quaerentium,

201 1497 392 1537 Iuventium,
420 1496 616 1535 sequentium

204 1544 351 1576 Paradisi
374 1552 433 1584 per
455 1542 524 1575 lilia

198 1592 357 1631 Perpetuo
384 1590 561 1623 candentia.

142 1650 172 1681 3.
200 1647 372 1687 Sperantes
396 1648 429 1679 in
455 1650 497 1687 te,
523 1647 668 1688 Domine,

199 1694 311 1727 Gratia
334 1697 389 1726 tua
412 1695 561 1734 protexit,

194 1742 335 1782 Ideoque
359 1744 391 1773 te
416 1742 582 1774 caelestem

195 1789 352 1829 Sponsum
377 1789 511 1821 laudant
528 1791 560 1821 et
574 1791 748 1829 sequuntur

196 1836 366 1869 Laetantes
392 1840 424 1868 et
446 1838 639 1869 exsultantes

195 1885 234 1917 In
258 1884 402 1925 paradisi
425 1883 560 1924 gaudiis.

336 1960 542 1995 Responsoria.

137 2020 168 2054 1.
195 2019 248 2051 Ad
274 2021 401 2060 portum
428 2017 584 2050 vehuntur
608 2018 708 2057 Tilae,

190 2067 276 2099 Hine
300 2067 342 2099 ad
368 2074 473 2098 arcem
500 2066 660 2108 Coloniae,

193 2115 272 2147 Post
297 2115 375 2147 haec
399 2113 577 2153 linquentes
602 2114 716 2145 trieres

194 2163 323 2194 Romam
351 2162 469 2194 adeunt
493 2161 669 2206 pedestres,

119 2210 157 2242 V.
189 2210 243 2241 Ad
269 2219 326 2242 sua
353 2209 438 2241 bella
463 2208 618 2240 caelibum

189 2258 369 2298 Implorare
394 2256 556 2289 auxilium.

131 2316 164 2349 2,
183 2313 268 2345 Dum
294 2313 455 2347 Coloniam
481 2313 639 2353 obsident,

186 2360 254 2393 Has
279 2361 389 2394 Hunni
413 2361 521 2393 redire
545 2361 666 2401 vident,

173 2420 194 2443 D
203 2426 288 2444 reves
295 2437 301 2447 ,
316 2419 438 2443 Historia-u
452 2420 607 2448 rhythmicae.
636 2418 689 2443 VH.

878 192 1017 231 irruunt,
1043 191 1181 230 virgines
1205 192 1375 233 perimunt,

878 237 990 270 Statim
1016 237 1055 269 ab
1081 238 1160 269 urbe
1184 237 1317 277 fugiunt,

805 285 843 316 V.
875 285 957 323 Quos
982 293 1043 315 non
1069 285 1181 316 armati
1207 285 1322 316 milites

875 332 962 363 Ense
987 332 1149 364 terrebant
1173 332 1321 372 virgines.

818 399 849 431 3.
876 397 961 430 Urbs
987 406 1069 429 nova
1092 398 1275 438 Ierusalem,

923 444 1046 475 turbam
1065 448 1152 476 tenet
1166 445 1249 476 hanc
1264 445 1422 485 socialem,

874 491 1093 530 Sanguineque
1116 492 1207 523 vivae

919 547 976 569 sua
1000 538 1100 577 pallia
1123 539 1202 571 lavit
1226 539 1329 570 olivae

872 587 977 624 Atque
1000 585 1098 617 stolas
1123 586 1206 625 vino,

920 632 966 663 sic
999 631 1077 664 flore
1101 642 1191 664 sacro
1217 633 1313 663 micat
1336 633 1420 674 bino,

803 680 841 711 V.
870 679 924 711 Ad
950 678 1033 710 bona
1055 688 1175 711 summa
1200 688 1316 711 vacans

920 726 1105 766 miserisque
1122 727 1224 759 Deum
1241 734 1337 766 prece
1353 727 1419 766 pla-

1197 782 1281 806 canS.

960 914 1007 944 In
1033 912 1261 946 Laudibus.

1017 995 1211 1031 Antiphonae.

812 1054 841 1087 1.
874 1053 935 1091 En,
959 1053 1109 1084 lectulum
1135 1053 1310 1085 Salomonis

866 1100 953 1131 Ense
976 1099 1111 1132 munivit
1136 1100 1288 1131 sermonis

867 1146 1056 1178 Fortissima
1082 1156 1119 1179 ex
1144 1147 1255 1187 Israel,

869 1193 999 1232 Ursula,
1024 1194 1158 1232 pulchra
1182 1197 1219 1225 ut
1241 1195 1371 1228 Rachel.

813 1262 845 1292 2.
872 1260 935 1291 Hic
959 1259 1077 1299 quippe
1101 1261 1255 1300 virginum
1281 1264 1387 1293 coetus

869 1306 931 1338 Dei
956 1309 1004 1338 est
1029 1315 1145 1346 sponsa
1170 1310 1202 1338 et
1224 1308 1334 1351 lectus,

869 1354 907 1386 In
933 1363 992 1393 quo
1018 1354 1172 1386 recubans
1197 1355 1320 1394 quietus

872 1400 1005 1432 Nobiles
1030 1401 1172 1433 lucratur
1195 1400 1288 1434 fetus.

813 1468 843 1500 3.
870 1467 952 1500 Veni
977 1476 1062 1507 erg0‚
1088 1468 1182 1499 turba
1206 1468 1277 1506 Dei,

870 1515 952 1547 Veni
978 1514 1017 1546 de
1041 1513 1174 1553 Libano,
1202 1515 1274 1547 veni

866 1561 916 1594 De
940 1562 1060 1594 vertice
1085 1562 1266 1594 coronanda

867 1609 970 1649 Sanir,
996 1608 1138 1641 Hermon
1163 1612 1194 1641 et
1218 1610 1352 1650 Amana,

865 1656 915 1688 De
941 1656 1098 1688 eubilibus
1122 1657 1246 1688 leonum

864 1704 910 1736 Et
933 1714 952 1735 a
976 1705 1136 1736 montibus
1162 1704 1344 1744 pardorum.

805 1772 839 1804 4.
865 1771 1056 1803 Benedictus
1083 1780 1126 1813 es,
1152 1771 1298 1811 Domine,

861 1819 898 1851 In
923 1817 1120 1850 firmamento
1147 1819 1313 1860 caelorum,

866 1866 961 1899 Cuius
988 1867 1104 1898 amoris
1129 1867 1202 1907 igne
1227 1875 1379 1899 succensa

866 1914 967 1946 Beata
990 1917 1113 1954 martyr
1139 1914 1257 1946 Ursula

869 1962 945 1994 Cum
973 1961 1020 1993 sui
1045 1961 1192 2001 martyrii

864 2009 974 2042 Beatis
1001 2008 1197 2041 consortibus

867 2056 998 2090 Crudeh'
1020 2058 1122 2088 morte
1147 2055 1243 2087 vitam

861 2105 1035 2137 Aeternam
1062 2103 1274 2135 eommutavit.

804 2173 835 2206 5.
856 2171 952 2213 Eece,
967 2178 1061 2210 quam
1073 2170 1206 2210 pulcher
1220 2171 1268 2201 est
1282 2169 1416 2202 dilectus

860 2219 928 2252 Iste
953 2217 1105 2249 ecelesiae
1129 2226 1274 2257 sponsuS,

860 2264 1326 2306 Quemtotadulescentularum
1333 2266 1430 2307 milia,

861 2313 974 2346 Roseis
1000 2313 1123 2345 coronis
1150 2313 1309 2354 decorata,

861 2361 1042 2402 Sequuntur
1059 2360 1226 2393 laudantes
1238 2360 1272 2392 in
1287 2362 1428 2396 excelsis.

1225 2416 1259 2446 17
