1655 2534
289 220 333 252 Et
354 223 429 262 post
452 220 561 252 mortis

333 267 424 299 huius
449 267 592 300 exsilium

286 315 354 347 Fac
374 315 407 345 in
432 315 518 346 caelo

332 361 423 393 nobis
446 361 627 400 hospitium.

355 455 415 486 Ad
439 454 707 487 Matutinum.

414 528 628 555 Invitatorium.

286 587 404 616 Assunt
429 584 647 616 sanctissimae

329 631 475 662 Marthae
499 631 673 673 sollemnia,

284 679 383 717 Quam
409 677 608 709 devotissime

329 723 455 756 Laudat
478 724 618 756 ecclesia.

345 816 390 848 In
416 817 445 850 1.
471 816 694 851 Nocturno.

424 889 617 925 Antiphonae.

225 948 255 979 1.
280 947 332 978 Ex
355 947 454 986 regali
476 946 626 986 prosapia

328 993 444 1026 Christi
468 994 643 1032 procedens
667 993 795 1033 hospita

279 1040 385 1071 Matre
410 1038 470 1070 fuit
492 1039 650 1071 Eucharia

327 1086 469 1125 Syroque
492 1089 585 1126 patre
608 1086 723 1126 genita.

223 1144 254 1174 2.
279 1141 444 1173 Hebraicis
468 1141 569 1172 literis

328 1187 409 1219 Satis
431 1187 555 1219 erudita

279 1234 403 1265 Floruit
425 1242 503 1274 prae
528 1234 640 1265 ceteris

324 1282 364 1312 In
387 1280 491 1312 activa
514 1280 590 1312 vita.

218 1338 249 1369 3.
273 1336 391 1368 Multos
415 1344 473 1375 per
496 1334 676 1367 facundiam

324 1382 573 1414 Praedicationis

277 1429 426 1461 Provexit
449 1429 491 1460 ad
510 1429 646 1468 patriam

325 1475 469 1507 Summae
491 1475 638 1515 regionis.

409 1549 614 1583 Responsoria.

222 1606 251 1637 1.
276 1605 414 1645 Martha⁷
439 1614 547 1637 verum

322 1652 412 1683 iubar
437 1652 596 1694 ecclesiae,

274 1699 341 1738 Pia,
367 1698 514 1738 prudens,

321 1745 420 1776 mirae
444 1744 621 1785 facundiae,

276 1791 364 1823 Cella
387 1790 447 1822 fuit

323 1838 447 1870 divinae
471 1838 599 1879 gratiae,

320 1886 383 1917 Vas
407 1884 596 1926 pudicitiae3

205 1933 243 1964 V.
275 1932 391 1964 Christi
415 1931 567 1972 ministra,

320 1978 390 2010 Lux
414 1981 482 2009 erat
505 1978 673 2019 hominum,

273 2025 397 2057 Morum
421 2025 581 2065 magistra,

320 2072 466 2104 Noverca
491 2072 663 2105 criminum.

215 2130 247 2161 2.
271 2128 346 2160 Iure
369 2130 477 2160 tenens

318 2174 511 2207 hereditario

270 2220 454 2253 Bethaniam

318 2267 410 2299 simul
435 2271 467 2299 et
488 2269 670 2310 Magdalam

269 2314 396 2347 Maturo
421 2324 455 2346 se

315 2362 398 2393 rexit
422 2363 561 2404 consilio,

960 218 1165 259 Summopere

1009 267 1168 298 detestans
1193 265 1387 305 scandalum,

891 313 927 344 V.
958 313 1070 345 Pacem
1096 321 1227 353 sequens

1005 362 1037 391 et
1060 360 1298 392 sanctimoniam

957 406 1166 446 Exstirpabat

1003 454 1070 485 litis
1094 453 1256 486 zizaniam.

900 511 931 543 3.
958 509 1040 542 Dum
1065 509 1198 541 haberet

1003 559 1108 588 tantas
1135 556 1275 598 divitias,

956 602 1027 634 Non
1052 603 1200 643 prorupit

1003 649 1045 681 ad
1070 650 1263 688 insolentias,

956 696 1020 728 Sed
1044 696 1217 728 abhorrens

1001 743 1104 775 carnis
1129 743 1259 775 delicias

954 789 1135 829 Egenorum

1002 834 1083 868 fovit
1104 836 1247 875 inopias;

885 882 922 915 V.
954 882 1066 914 Secum
1091 882 1192 914 crevit

1001 938 1021 960 a
1045 929 1182 968 pueritia

953 975 1085 1008 Pietatis

999 1022 1213 1057 exuberantia.

1008 1153 1053 1184 In
1080 1154 1111 1185 2.
1138 1153 1370 1187 NocturnO.

1091 1226 1284 1260 Antiphonae.

892 1282 923 1314 1.
948 1282 1077 1314 Martha
1099 1292 1217 1322 parans
1243 1285 1420 1317 convivium

952 1329 1076 1361 Sororis
1099 1331 1169 1362 vult
1192 1332 1353 1372 auxilium,

947 1375 990 1407 Ut
1016 1376 1141 1416 expleto
1166 1380 1290 1418 negotio

949 1420 1067 1453 Christi
1090 1426 1182 1455 vacet
1206 1425 1340 1465 eloquio.

889 1477 922 1510 2.
948 1476 1020 1508 Non
1045 1486 1084 1508 ex
1107 1478 1226 1511 laboris

994 1524 1091 1563 gemit
1113 1526 1297 1570 gravedine,

947 1569 1011 1602 Sed
1035 1571 1108 1610 quia
1131 1575 1219 1604 caret

993 1617 1082 1649 verbi
1107 1619 1275 1652 dulcedine

945 1663 1015 1695 Cibi
1037 1666 1173 1704 parandi

994 1711 1215 1747 sollicitudine.

888 1767 920 1799 3.
942 1765 1120 1806 Diligenter
1145 1770 1297 1811 excogita,

942 1813 1040 1852 Quam
1065 1814 1143 1847 felix
1167 1817 1208 1848 sit
1233 1818 1312 1849 haec
1335 1818 1473 1861 hospita,

945 1860 1069 1899 Quanta
1092 1863 1156 1894 sint
1179 1864 1245 1896 eius
1269 1866 1394 1907 merita,

945 1907 1032 1945 Quae
1055 1909 1102 1940 sic
1127 1913 1195 1942 erat
1219 1912 1367 1946 sollicita.

1079 1983 1286 2019 Responsorin„

887 2038 918 2071 1.
944 2038 1014 2076 Dic,
1041 2039 1178 2081 domina,

990 2094 1087 2125 quare
1111 2089 1338 2128 conquereris?

942 2131 1014 2163 Non
1037 2133 1154 2165 senties

989 2188 1157 2218 gravamen
1179 2183 1295 2223 operis,

942 2225 976 2257 Si
1001 2227 1127 2267 cogites,

989 2276 1138 2313 quantum
1162 2275 1205 2306 sit
1225 2279 1363 2310 muneris

944 2320 1030 2359 Opus
1055 2323 1152 2362 tuum,

988 2367 1156 2400 Dominum
1179 2373 1330 2411 pasceris.
