1655 2534
746 115 1001 152 —248—

975 211 1112 249 Quarum
1136 209 1168 240 in
1194 208 1331 241 victoria

1020 257 1108 289 Mors
1132 257 1218 296 perit
1241 255 1390 294 absorpta

249 216 281 248 3.
306 217 343 248 In
368 218 528 247 aeternum
553 215 609 246 has
635 213 779 245 fundavit

351 263 486 303 Magnus
510 264 542 293 et
563 260 741 299 laudabilis,

301 311 390 342 Hora
413 309 503 340 brevi
528 317 603 348 quas
627 306 799 347 prostravit

350 356 465 387 Tortor
489 354 701 387 exsecrabilis
1108 331 1312 366 Responsona.

915 388 947 421 1.
974 387 1074 419 Verus
1099 387 1272 427 pudicitiae
1296 389 1406 418 auctor

437 428 642 463 Responsoria.

245 486 274 517 1.
301 486 391 517 Vidit
398 486 431 516 in
440 485 555 516 somnis
561 484 622 515 Dei
631 484 718 522 virgo
727 482 845 514 Ursula

304 532 410 564 Virum
436 531 594 571 angelicae
620 529 770 561 claritatis

297 577 460 609 Dicentem
477 577 555 609 sibi:
580 577 709 608 Romam
727 584 843 616 omnes,

348 625 393 657 Ut
418 624 558 662 vovistis,
584 622 783 663 pervenietis,

299 670 441 702 Peractis
465 670 545 702 votis
570 670 631 700 huc
654 669 767 700 iterum

296 717 423 757 Integro
447 724 576 747 numero
601 716 742 755 redietis,

346 763 409 795 Hic
433 771 507 795 vero
524 763 556 794 in
573 762 641 794 Deo
658 762 842 802 pausabitis.

230 810 267 842 V.
299 810 442 843 Cervices
469 812 590 841 vestras

299 856 497 889 Persecutori
522 855 637 887 dabitis

297 902 339 934 Et
369 912 427 942 per
452 902 597 942 martyrii
621 902 751 943 gloriam

346 950 499 982 Coronam
507 949 646 980 iustitiae
656 948 843 987 suscipietis.

245 1007 274 1037 2.
301 1005 439 1037 Visionis
463 1005 601 1038 Ursulae

349 1051 487 1083 Caelitus
509 1054 651 1082 ostensae

305 1098 505 1129 Sacramento
532 1097 678 1128 credulae

349 1143 450 1176 Simul
474 1143 643 1175 inoffensae

302 1192 413 1231 Agone
436 1198 588 1228 percurso
614 1188 775 1221 confidunt

347 1237 516 1276 participes
540 1235 611 1268 fieri
633 1244 776 1269 coronae.

232 1282 267 1316 V.
301 1283 439 1315 Caritate
462 1283 653 1322 vulneratae,

301 1329 384 1361 Mori
410 1329 534 1361 Christo
562 1332 633 1360 sunt
657 1332 796 1368 paratae.

248 1386 278 1417 3.
304 1386 341 1416 In
366 1387 448 1416 vasis
473 1385 536 1416 suis
561 1385 662 1416 oleum

302 1431 443 1473 Servant,
469 1431 503 1462 in
527 1431 692 1469 mentibus,

300 1478 383 1509 Dum
407 1480 538 1516 surgunt
561 1480 653 1508 nocte
678 1478 782 1509 media

300 1524 412 1555 Electa
438 1533 551 1562 sponso
576 1524 672 1563 milia,

306 1570 486 1602 Praeelecto
512 1578 550 1601 ex
574 1570 699 1601 milibus

307 1617 481 1648 Occurrunt
505 1625 573 1647 cum
598 1616 806 1655 lampadibus.

234 1662 272 1694 V.
303 1662 373 1694 Duc
397 1670 491 1701 prece
515 1665 692 1694 sanctarum

345 1717 402 1740 nos
425 1709 466 1740 ad
482 1711 524 1747 te,
552 1708 685 1747 Christe,
711 1712 844 1742 tuarum.

358 1792 404 1823 In
430 1793 461 1826 3.
487 1792 710 1827 NocturnO.

443 1856 635 1891 Antiphonae.

248 1912 277 1943 1.
303 1913 433 1944 Terram
458 1916 553 1951 tuam,
578 1913 721 1957 Domine,

351 1958 481 1999 Semper
508 1960 679 2002 benedicis,

304 2006 388 2044 Quae
411 2006 547 2038 laetatur
570 2007 665 2039 hodie

348 2053 448 2084 Victis
472 2053 616 2088 inimicis,

247 2108 277 2139 2.
304 2108 522 2141 Fundamenta
546 2110 700 2149 virginum

350 2155 511 2187 Montibus
536 2156 567 2187 in
593 2158 710 2189 sanctis

305 2201 464 2233 Collocata
484 2203 622 2242 gladium

349 2248 420 2280 Non
443 2249 555 2281 timent
578 2251 735 2284 minantis.

246 2305 276 2335 3.
303 2304 409 2336 Rectis
435 2305 531 2336 corde
554 2306 663 2346 gloria,

352 2351 447 2383 Iustis
471 2352 525 2383 lux
551 2357 597 2384 est
622 2357 702 2393 orta,

1018 438 1049 465 et
1075 437 1178 466 custos
1203 433 1405 474 virginitatis,

973 481 1031 520 Qui
1057 490 1095 513 ex
1120 481 1242 521 virgine
1265 483 1358 511 natus

1020 528 1134 559 multos
1159 527 1305 559 excitasti

969 575 1021 606 Ad
1048 577 1190 606 sanctum
1213 582 1350 605 amorem

1019 621 1172 653 castitatis
1196 621 1326 660 animOS,

972 668 1031 707 Qui
1056 676 1088 699 es
1114 676 1229 707 perpes

1021 723 1136 747 corona
1158 714 1324 756 virginum,

971 762 1033 793 Per
1056 761 1170 793 merita

1019 816 1125 839 earum
1153 816 1210 839 nos
1235 807 1361 839 adiuva.

932 880 938 886 .
969 855 1055 887 Fons
1079 855 1163 886 vitae
1188 857 1220 885 et
1244 854 1331 893 origo

971 902 1081 933 Totius
1106 901 1268 941 bonitatis,

970 948 1041 979 Duc
1063 957 1120 979 nos
1144 949 1186 980 ad
1210 950 1335 987 portum
1361 947 1482 981 salutis.

936 1026 943 1033 .
969 1005 1055 1036 Istae
1079 1007 1152 1035 sunt
1175 1003 1335 1034 terribiles

971 1050 1017 1082 Ut
1041 1053 1215 1082 castrorum
1240 1050 1324 1082 acies

1020 1097 1134 1129 Omnes
1158 1097 1334 1135 ordinatae,

973 1144 1059 1182 Quae
1083 1147 1246 1174 tonsarum
1266 1143 1384 1174 similes

971 1190 1194 1221 Ascenderunt
1218 1190 1379 1229 sanguinis

1018 1236 1115 1269 Unda
1141 1237 1318 1277 dealbatae,

932 1310 939 1317 .
969 1283 1015 1315 Ut
1040 1283 1201 1315 columbae
1226 1284 1310 1314 lacte
1334 1283 1428 1324 lotae,

971 1329 1024 1361 Sic
1047 1338 1158 1361 revera
1182 1330 1335 1369 pulchrae
1359 1333 1456 1363 totae.

940 1413 945 1418 .
972 1386 1040 1417 Iam
1065 1386 1224 1425 triumpho
1249 1386 1371 1425 potitae

1017 1433 1155 1472 virgines
1178 1435 1307 1464 sanctae

972 1479 1040 1510 Iam
1061 1480 1241 1519 angelorum

1021 1526 1124 1557 choris
1149 1526 1319 1568 admixtae,

974 1572 1176 1611 Quaesumus,
1202 1575 1237 1604 ut
1259 1576 1365 1604 vestra

1019 1619 1244 1651 intercessione

972 1664 1075 1696 Locus
1100 1665 1191 1697 nobis

1019 1721 1082 1743 non
1105 1716 1239 1752 negetur
1263 1714 1384 1754 veniae,

934 1785 939 1791 .
971 1758 1122 1797 Quoniam
1146 1759 1286 1792 abundat
1310 1761 1472 1802 iniquitas,

972 1806 1100 1845 Iamque
1125 1805 1305 1847 refrigescit
1330 1808 1445 1841 caritas

1020 1853 1202 1886 Multorum.

1060 1993 1103 2024 ln
1129 1993 1158 2025 L
1167 2003 1186 2025 a
1196 2004 1217 2025 u
1229 1995 1248 2026 d
1257 1995 1297 2027 ib
1307 2006 1327 2028 u
1336 2005 1362 2029 s,

1114 2067 1310 2103 Antiphonae.

939 2144 947 2151 .
973 2122 1175 2156 Dominus
1199 2125 1312 2157 tribuit

1021 2170 1069 2201 his
1093 2179 1225 2211 regnum
1250 2174 1361 2205 salutis

972 2215 1017 2247 Et
1041 2225 1093 2248 eas
1118 2218 1223 2250 induit

1020 2263 1144 2296 Decore
1168 2266 1305 2308 virtutis,

976 2309 1057 2342 Nam
1083 2315 1132 2343 est
1155 2313 1326 2347 laudabilis

974 2356 1019 2389 Et
1043 2367 1176 2398 sponsus
1201 2362 1326 2396 nobiliS.
