1655 2534
702 93 862 128 -202
915 111 959 116 —

345 197 394 228 111
416 193 644 226 Laudibus

397 257 589 294 Antiphonae.

200 309 229 342 1.
255 307 408 339 Decorem
431 307 560 338 indutus
585 303 736 336 Dominus

306 354 476 386 Accinctus
502 355 550 383 est
573 349 722 392 potentia,

261 399 389 432 Dextris
413 398 513 439 patris
539 397 668 429 caelitus

308 447 425 479 Sedens
450 446 482 476 in
509 443 657 475 caelestia

262 494 397 525 Theclae
422 493 515 531 caput
540 489 691 522 exaltavit

306 541 394 572 Inter
418 540 527 569 sancta
549 536 673 576 gaudia.

204 598 240 629 2.
269 594 443 627 Collocavit
464 592 616 625 Dominus

261 642 408 673 Theclam
433 640 465 670 in
490 638 686 679 principibus

307 688 385 719 Eius
412 685 511 717 sancti
536 684 653 724 gaudii,

262 733 369 765 Laetis
395 741 467 772 ergo
493 731 647 762 mentibus

263 780 417 812 Canamus
443 779 507 809 eius
533 777 667 818 populus

309 825 435 858 Laudes
458 824 521 856 Dei
543 823 611 855 filii.

209 880 239 910 3.
266 877 335 909 Pax
366 878 413 908 est
436 875 520 907 facta
544 876 576 906 in
601 875 719 907 virtute

311 924 413 955 Huius
437 923 537 953 almae
561 922 700 964 virginis,

270 970 355 1008 Quae
378 972 524 1000 aeternae
550 976 624 999 suae
648 968 732 999 vitae

315 1016 421 1047 Sitivit
443 1015 544 1047 Deum
568 1014 705 1045 luminis.

215 1070 247 1101 4.
271 1067 340 1098 Deo
363 1073 472 1098 nostro
497 1074 603 1097 omnes
628 1066 729 1096 sancti

314 1112 509 1144 Benedicant
534 1112 673 1150 spiritus,

268 1159 327 1197 Qui
354 1158 463 1190 urbem
488 1157 527 1189 ab
553 1157 694 1189 hostibus

269 1205 405 1236 Theclae
431 1204 663 1235 decertantibus

315 1251 492 1284 Custodivit
515 1250 683 1284 Dominus.

876 193 907 225 5.
933 192 971 224 In
995 192 1028 220 te
1052 186 1142 219 nobis
1165 182 1333 216 benedicat

980 235 1057 267 Tuis
1079 233 1167 267 Dens
1192 230 1277 268 filiis,

939 284 1037 322 Virgo
1062 282 1181 322 sancta,
1208 285 1288 316 quae
1311 272 1449 306 exsultas

985 329 1096 361 Coram
1121 327 1192 366 ipso
1217 322 1350 363 gaudiis,

940 378 1005 416 Quo
1032 382 1156 407 oramus
1180 379 1237 404 nos
1262 367 1420 410 perducas

984 423 1022 454 In
1049 421 1205 453 caelorum
1231 416 1351 456 gloriis.

1056 521 1102 551 Ad
1120 520 1304 549 Benedictus.

866 604 905 637 A.
935 605 1014 642 Ave,
1041 600 1140 638 virgo,
1165 596 1224 629 flos
1251 592 1384 631 decoris,

935 649 1061 686 Martyr
1087 645 1155 687 Dei,
1182 642 1310 681 Thecla,
1338 638 1441 670 choris

989 694 1142 733 Copulata
1167 689 1335 730 spirituum

940 743 1120 775 Beaevrum,
1146 742 1220 769 tuae
1244 735 1331 767 laudi

939 788 998 827 Qui
1023 788 1186 826 instamus,
1210 792 1267 815 nos
1294 779 1418 818 exaudi,

990 834 1097 865 Ducas
1121 840 1179 862 nos
1204 829 1245 862 ad
1269 827 1449 860 Dominum.

1061 934 1107 963 Ad
1124 931 1303 970 Mag-nificat.

870 1016 910 1048 A.
941 1012 1133 1052 Angelorum
1157 1011 1191 1041 in
1216 1008 1348 1039 excelsis

987 1060 1037 1090 Ac
1060 1060 1238 1089 sanctorum
1264 1054 1399 1085 militum

946 1105 1042 1140 Ghori
1068 1103 1215 1145 gaudent,
1244 1110 1300 1132 nos
1325 1101 1359 1131 in
1384 1099 1478 1130 terris

989 1151 1138 1183 Sanctum
1164 1146 1399 1188 epithalamium

945 1199 1186 1238 Adplaudamus
1210 1195 1350 1228 Theclae
1374 1192 1475 1223 thoris

992 1247 1177 1278 Sanctarum
1193 1250 1309 1282 sponso
1326 1239 1494 1279 virginum.

274 1333 342 1361 Cod.
366 1333 458 1368 Oenip
461 1335 558 1359 ontan.
584 1329 639 1360 723
668 1334 737 1359 anni
766 1330 848 1361 1480.
867 1347 904 1352 —-
924 1333 965 1359 In
992 1329 1016 1357 1.
1036 1331 1140 1364 Vesp.
1162 1327 1184 1354 A
1206 1326 1232 1359 2,
1255 1324 1273 1353 3
1292 1326 1438 1352 inflexam.
1458 1337 1496 1343 —-

197 1370 220 1397 A
240 1369 266 1401 3,
288 1369 304 1397 5
322 1379 339 1398 a
358 1372 449 1398 mute
467 1370 553 1397 tristi.
573 1386 610 1389 —
631 1369 681 1396 Ad
702 1371 837 1397 Matut:
864 1370 925 1397 Das
945 1369 1150 1396 Invitatorium
1165 1367 1206 1393 ist
1223 1363 1379 1391 ver'andert
1397 1363 1444 1388 in:

425 1427 483 1459 Qui
502 1429 624 1453 coronat
641 1427 672 1452 in
693 1430 841 1453 aeternum
858 1425 999 1452 Theclam
1016 1424 1268 1459 protomartyrem,

424 1464 578 1499 Viiginum
600 1471 698 1498 regem
718 1462 879 1495 adoremus,
899 1464 996 1490 venite
1018 1462 1202 1488 exsultemus.

198 1521 240 1548 In
269 1519 292 1546 1.
312 1520 411 1547 Noct.
432 1517 454 1545 A
473 1517 498 1551 2,
520 1518 536 1546 5
556 1528 610 1546 nec
630 1526 648 1545 a
667 1520 763 1545 minis.
782 1533 820 1537 —
841 1519 859 1544 Α
880 1516 906 1551 3,
920 1516 937 1545 5
958 1517 1073 1545 scandit
1090 1515 1207 1544 Thecla.
1227 1529 1265 1533 —
1284 1514 1327 1541 In
1346 1510 1373 1538 2.
1393 1513 1495 1540 Noct-

204 1557 226 1584 A
248 1555 311 1591 2,1
332 1557 616 1584 minitavit—111
635 1553 662 1582 3.
681 1556 783 1583 Noct.
805 1554 827 1581 A
849 1555 875 1588 1,
895 1537 913 1581 2
939 1555 1012 1582 atrio
1034 1556 1104 1581 eius.
1131 1567 1169 1572 —-
1191 1553 1235 1579 In
1256 1550 1366 1578 Laud.
1388 1548 1410 1575 A
1431 1548 1457 1583 5,
1479 1547 1497 1576 5

201 1577 343 1659 ἓυοῖἑῒὸι
355 1602 457 1658 rggrgus.
482 1607 519 1612 -
538 1594 583 1620 Ad
596 1593 702 1620 Bened.
720 1592 750 1625 A,
766 1590 783 1619 5
803 1601 856 1621 nos
875 1592 955 1619 fehlt.
970 1606 1005 1611 —-
1025 1592 1082 1619 Die
1095 1591 1232 1625 Hymnen
1252 1588 1332 1616 siehe
1345 1587 1496 1620 Ana1.1V‚

230 1641 244 1659 r

621 1748 666 1778 74.
701 1748 739 1779 De
759 1749 865 1779 sancto
886 1746 1067 1778 Theobaldo.

337 1845 353 1876 1
363 1854 383 1876 n
409 1844 439 1876 1.
466 1844 492 1875 V
504 1852 519 1874 e
528 1853 542 1874 s
553 1853 573 1883 p
585 1852 602 1875 e
611 1844 681 1876 ris.
950 1844 1013 1876 Sua
1037 1847 1110 1876 vota
1129 1843 1327 1883 praesentari

948 1892 995 1923 Te
1021 1891 1157 1922 donante
1182 1894 1214 1921 et
1237 1891 1341 1921 notari

386 1926 478 1962 Super
496 1927 636 1954 Psalmos.

203 1985 245 2017 A.
278 1984 387 2016 Mente
410 1992 499 2024 pura,
526 1984 621 2015 corde
643 1985 760 2016 mundo

274 2031 468 2062 Resonemus
493 2033 525 2061 et
546 2031 683 2062 iucundo

275 2078 313 2109 In
337 2077 397 2109 hoc
422 2076 513 2117 festo,
540 2086 599 2116 quo
624 2076 734 2108 beatus

277 2123 337 2155 Est
360 2123 562 2155 Theobaldus
588 2128 764 2157 coronatus,

206 2180 246 2212 R.
278 2179 421 2211 Gloriose
444 2179 637 2221 Theobalde,

323 2227 452 2259 Gemma
477 2225 699 2266 confessorum,

276 2272 323 2303 Te
349 2273 460 2304 devote
483 2273 565 2313 petit
588 2273 683 2304 valde

323 2320 392 2351 Vox
417 2320 665 2360 peregrinorum,

990 1937 1027 1968 In
1052 1938 1125 1969 aula
1151 1938 1316 1978 caelorum,

876 1984 915 2016 V.
945 1984 1010 2016 Ubi
1036 1984 1129 2024 digne
1151 1983 1338 2015 sublimatus

948 2031 1066 2063 Noster
1091 2038 1199 2061 manes
1224 2030 1406 2062 advocatus.

1065 2123 1111 2149 Ad
1129 2121 1308 2158 Magnificat.

883 2180 920 2211 A.
952 2180 976 2212 O
1002 2180 1167 2218 praeclare
1191 2178 1404 2212 confessorum

999 2225 1138 2261 Gemma,
1162 2226 1356 2267 Theobalde,

950 2272 1017 2304 Fae
1043 2282 1149 2305 amare
1171 2275 1255 2305 viam
1279 2283 1412 2316 morum,

1000 2319 1046 2350 Tc
1074 2328 1240 2360 precamur
1265 2322 1368 2354 valde.
