1655 2534
802 121 1033 155 ...82—

273 222 304 253 3.
330 219 383 251 Ad
407 220 549 251 tumbam
574 218 730 258 praeclari
754 217 816 250 viri
1007 212 1137 253 Quando
1163 211 1253 243 nobis
1281 207 1454 242 destinavit

331 266 477 305 Quisquis
504 268 610 306 potest
640 265 788 305 experiri,
1052 259 1253 299 Morandum,
1278 257 1333 297 qui
1355 256 1391 287 in
1414 254 1518 306 stadio

333 312 474 350 Quantas
500 314 565 344 eius
589 320 647 351 per
670 312 803 343 virtutes
1007 307 1137 339 Cursum
1164 306 1258 345 digne
1283 304 1511 355 consummavit

334 359 476 391 Christus
504 357 626 391 confert
649 358 701 389 hio
722 358 849 389 salutes.
1004 354 1049 386 Et
1072 354 1105 385 in
1130 351 1193 384 fine
1219 351 1428 391 triumphavss:

272 418 305 449 4.
332 415 496 455 Regularis
522 425 540 447 o
563 413 734 454 professor,
1051 401 1134 433 Vere
1159 399 1245 431 fefissi
1270 398 1392 431 braviO.

330 461 379 493 Sis
403 471 461 501 pro
487 462 577 494 nobis
601 461 790 492 intercessor

330 509 425 546 Apud
451 508 622 540 bonitatem
651 506 776 547 Christi,

331 555 424 586 Cuius
449 555 555 593 iugum
579 556 614 584 tu
639 553 761 584 subisti.
919 561 922 564 ·
1069 541 1117 572 In
1141 540 1173 570 2.
1199 536 1423 577 Vesperi-s„

274 612 305 643 5.
333 609 449 641 Christi
474 608 638 648 praecelsa
661 608 763 646 pietas
1122 620 1168 648 Ad
1187 620 1367 657 Mag-nificat.

331 655 489 686 Virtutum
515 658 545 686 et
569 654 715 685 nimietas

327 702 363 732 In
388 702 504 732 sanetis
531 699 752 739 amplificatur,
933 690 973 721 A·
1004 690 1029 722 0
1053 689 1221 728 MOl'assdev
1248 697 1340 720 serve
1364 687 1456 728 bOUea

327 747 445 778 Horum
472 748 572 779 virtus
600 746 672 777 dum
697 747 855 778 laudatur.
1003 737 1061 769 Pie
1084 738 1195 776 pastor
1220 738 1252 766 et
1275 738 1421 775 patrone,

608 821 614 826 ¹
1002 784 1099 823 Apud
1126 782 1287 814 Christum
1310 783 1491 823 interpella,

439 820 484 847 Ad
507 819 691 848 Benedictus.
1003 830 1048 862 Ut
1072 839 1092 861 a
1115 830 1226 860 mortis
1249 838 1306 861 nos
1330 829 1475 870 procella

258 881 298 912 A,
332 878 428 909 Verus
452 879 498 909 sol
522 878 712 909 illuminavit
1003 877 1072 908 Tua
1095 884 1191 917 prece
1214 879 1430 918 protegamur,

375 925 471 956 Lucis
497 932 571 956 suae
595 925 696 964 radio,
1006 923 1094 956 Caeli
1119 923 1209 955 donis
1236 926 1268 954 et
1290 922 1443 955 fruamur.

335 985 966 1016 Οοᾱ.1931111.1Τ1ῃᾱουοηρη.1946,ιωῃί
989 986 1070 1015 1482.
1090 987 1125 1014 A.
1145 1002 1180 1005 —
1200 988 1471 1015 Βϊθν.Β3.511θεΠεθ
1488 990 1557 1024 imp.

259 1024 827 1054 s.1.1478.B.—131ev.13asileense
847 1027 916 1061 imp.
938 1034 961 1052 s.
982 1025 1001 1052 1.
1023 1028 1052 1053 et
1071 1034 1096 1052 a.
1117 1022 1212 1058 (1488)
1232 1024 1263 1052 C.
1284 1040 1320 1044 —
1340 1026 1382 1053 In
1404 1024 1428 1052 1-
1448 1026 1555 1062 Vesp.

259 1067 350 1098 huprr
371 1063 416 1091 ΡΞ.
443 1062 459 1090 5
481 1064 520 1089 ΑΑ
544 1072 598 1091 nur
619 1064 660 1096 Α·
680 1064 754 1096 eine,
774 1064 819 1091 die
841 1071 884 1089 er.
887 1065 915 1089 te
935 1063 975 1098 B·
997 1063 1084 1090 keine
1105 1062 1136 1089 O.
1156 1077 1193 1082 —
1214 1062 1232 1088 Α
1247 1060 1274 1096 3,
1289 1061 1307 1090 3
1325 1064 1363 1090 ad
1376 1063 1557 1091 educandum

260 1103 295 1127 A.
328 1116 366 1120 —-
396 1101 413 1127 R
447 1102 573 1128 Vincunt*
604 1101 696 1135 legem
727 1101 889 1136 pubertatis
922 1103 974 1127 ete.
1000 1101 1040 1134 A,
1075 1101 1111 1127 In
1144 1102 1277 1127 contrata
1306 1101 1471 1128 Ferretensi
1504 1104 1556 1128 etc.

262 1138 313 1166 130.
330 1152 365 1157 —
380 1139 421 1165 In
437 1137 460 1165 1.
471 1140 541 1166 Nm
553 1142 572 1165 t
588 1135 675 1171 Α1,3
690 1136 980 1165 1111ε111Α.-Ι112.
995 1139 1095 1166 Noct.
1112 1137 1130 1162 Α
1146 1135 1170 1170 1
1186 1136 1200 1164 1
1217 1138 1325 1165 Fervoi
1338 1146 1434 1166 merae
1450 1138 1534 1166 BC.—

260 1176 277 1201 R
297 1174 309 1201 1
331 1176 470 1202 Veritatis
489 1176 538 1203 liic
556 1175 667 1202 confes«
655 1184 702 1202 «ω
719 1179 771 1202 etc.
786 1176 843 1203 BC.
864 1189 902 1193 -—
923 1175 940 1200 R
963 1175 981 1202 2
999 1176 1158 1211 Postquam
1178 1175 1227 1202 hie
1246 1179 1291 1202 est
1310 1177 1482 1204 sublimat-us
1503 1180 1555 1204 ete.

263 1213 316 1240 12¹0.
442 1211 450 1239 ἶ
471 1214 539 1240 Mox
559 1221 577 1239 a
596 1214 657 1239 suis
677 1213 830 1240 derelictus
845 1215 897 1239 etc.
919 1212 975 1240 BC.
988 1228 1027 1232 —
1045 1214 1087 1240 In
1106 1210 1132 1239 3.
1145 1213 1251 1240 Noct.
1273 1213 1290 1239 R
1308 1211 1322 1240 1
1342 1214 1436 1241 lautet
1448 1216 1479 1241 in
1494 1215 1555 1242 BC:

633 1260 667 1286 R.
687 1260 785 1287 Villae
804 1259 867 1295 (Ille
889 1260 923 1295 B)
943 1263 1040 1287 eustos.
1061 1260 1234 1295 eaptivatur,

689 1297 786 1324 Herus
806 1305 874 1324 mox
894 1297 1072 1331 debilitatur,

688 1336 770 1362 Tune
788 1335 946 1362 Mor-andus
967 1335 1134 1367 advocatur,

690 1373 716 1399 A
736 1381 792 1406 quo
813 1372 862 1408 pie
880 1373 1055 1408 increpatur,

689 1409 869 1437 Emendatur
888 1412 918 1436 et
937 1412 1064 1443 sanatur,

691 1446 775 1474 Servi
794 1448 887 1474 status
908 1449 1087 1474 restauratur

689 1483 785 1519 Atque
804 1484 878 1511 liber
898 1483 1101 1519 proclamatur,

634 1521 669 1548 V.
692 1521 727 1547 In
749 1529 805 1556 quo
827 1520 958 1548 Christus
979 1522 1168 1554 collaudatur,

689 1557 730 1584 Et
747 1558 882 1585 Morandi
902 1559 1105 1594 comprobatur

688 1595 797 1628 Virtus,
819 1603 918 1622 servus
938 1598 967 1623 et
986 1596 1118 1623 laetatur.

265 1640 282 1666 R
306 1638 323 1666 2
342 1640 439 1667 Hodie
458 1642 623 1676 praeclarus
644 1644 674 1667 et
690 1643 871 1669 venerandus
892 1645 945 1669 ete.
966 1643 1022 1670 BC.
1046 1658 1053 1662 -
1102 1642 1119 1669 R
1141 1640 1159 1670 3
1179 1644 1272 1671 lautet
1290 1646 1321 1671 in
1341 1644 1404 1673 BC:

633 1688 668 1714 R.
688 1688 724 1714 In
743 1690 873 1716 contrata
893 1689 1056 1717 Ferretensi

689 1726 751 1752 Tuo
772 1728 862 1753 simus
881 1726 930 1753 hie
951 1727 1069 1761 defensi,

726 1763 874 1798 Morande,
894 1766 1064 1799 patrocinio,

689 1799 724 1826 In
744 1808 841 1828 amore
859 1801 905 1828 fae
923 1802 1076 1836 ferventes,

689 1837 755 1864 Tibi
775 1846 846 1873 pure
866 1841 1033 1873 servientes,

726 1875 785 1902 Hie
805 1879 835 1903 et
853 1877 886 1902 in
904 1876 1037 1904 confinio.

633 1911 670 1938 V.
690 1911 817 1947 Impetra
835 1914 1043 1941 iucunditatem

690 1949 783 1976 Nobis
803 1953 832 1977 et
850 1951 1090 1985 tranquillitatem

689 1986 774 2021 Apud
793 1986 901 2014 Christ-i
920 1988 1088 2016 bonitatem.

263 2033 307 2060 Ad
330 2033 466 2064 Tertiam,
495 2032 621 2065 Sexta-m,
640 2032 754 2059 Nonam
775 2036 873 2060 setzen
891 2034 941 2061 BC
960 2034 1007 2061 die
1027 2035 1067 2060 ΑΑ
1091 2034 1117 2066 2,
1137 2032 1155 2062 3
1175 2035 1234 2062 und
1253 2035 1273 2063 4
1292 2037 1343 2063 der
1364 2036 1390 2063 1.
1410 2037 1498 2073 Vesp.
1541 2057 1556 2060 -

264 2071 327 2098 Den
340 2071 473 2104 Hymnus
492 2070 594 2097 hierzu
613 2070 704 2105 ver.gl
720 2071 807 2099 Anal.
821 2070 872 2103 IV,
893 2069 957 2098 213.

636 2151 683 2182 29.
714 2152 749 2182 111
769 2151 987 2183 Translatione
1006 2161 1031 2183 s.
1051 2152 1176 2185 Niuolai.

401 2211 444 2242 1n
473 2212 502 2244 1.
528 2212 744 2250 Vesperis.
1006 2213 1084 2245 Cum
1109 2213 1156 2245 vis
1180 2214 1284 2246 medio
1310 2215 1434 2256 gurgite

474 2275 667 2312 Antiphonae.
1053 2260 1169 2294 Barum
1193 2261 1362 2302 transferri
1386 2264 1532 2299 navibus.

279 2335 307 2366 1.
334 2332 459 2363 Summe
482 2334 628 2365 sacerdos
645 2334 764 2377 inclite,
946 2336 979 2366 2.
1005 2333 1097 2365 Fecit
1119 2334 1207 2369 Deus
1231 2339 1414 2371 memoriam

379 2379 482 2411 Nimis
507 2379 617 2413 favens
641 2381 843 2421 Barensibus,
1051 2381 1184 2414 Suorum
1207 2385 1409 2426 mirabilium,
