1655 2534
209 231 246 263 V.
275 231 430 271 Impetrat
452 228 565 262 orandi
1067 220 1112 249 Ad
1126 221 1310 249 Benedictus.

324 276 459 316 spat-ium
496 275 717 314 Christumque
748 281 823 312 pre-

598 321 691 353 candi
878 300 919 331 A.
949 298 998 329 Tu
1021 306 1101 338 quae
1124 297 1263 336 calcasti,

278 370 306 402 E
460 368 482 401 fi
507 369 550 400 -ta
995 345 1163 385 superasti,
1188 342 1409 384 praecipitasti

308 372 439 448 tfipssoe
483 378 516 400 ΠΙ
687 413 709 443 -t
950 391 1145 433 Serpentem,
1172 393 1309 422 mentem

309 472 316 479 ,
346 425 378 447 m
392 425 431 447 ur
454 424 523 447 cum
546 422 641 454 prece
664 423 694 445 Ἡ
711 422 738 444 a'
993 447 1134 480 vacuam,
1161 438 1287 470 virtutis
1313 438 1455 477 egentem

220 474 252 505 3.
276 472 380 512 Dlgna
403 473 514 510 petunt
538 472 650 509 castra,
947 485 985 516 In
1011 485 1136 518 Christo
1161 483 1269 528 funda,

324 518 475 549 tumulum
488 525 576 569 caroz
587 516 715 555 spiritus
725 516 820 555 astra,
994 530 1140 571 fecunda,
1168 531 1298 573 corrige,
1326 530 1461 570 munda3

276 565 328 596 Ad
353 565 505 616 tumulum
530 571 616 594 cmus
634 608 641 615 ι
727 608 734 614 1
948 578 997 609 Tu
1019 586 1091 617 Spes
1114 578 1287 617 lapsorum,

322 610 407 642 orbis
430 619 505 650 pars
531 607 659 640 conflmt
682 608 773 639 hulus
994 625 1046 656 via
1069 632 1191 655 morum
1206 631 1341 663 Spesque
1360 632 1496 663 reorum,

205 657 243 690 V.
270 657 404 689 Munera
429 658 636 696 comportans
945 670 1042 711 Erige
1064 670 1217 712 labentes,

366 749 382 780 I
390 757 412 779 n
435 748 463 783 L
472 757 491 779 a
498 757 518 779 u
529 748 549 779 d
557 747 570 778 i
579 746 598 778 b
606 754 629 777 u
637 756 651 779 S
994 726 1068 758 rege
1083 719 1214 759 mentes,
1232 717 1359 758 suscipe
1374 715 1496 750 flentes,

412 821 605 857 Antiphonae.

216 880 246 912 1.
271 879 355 912 Dum
378 881 471 918 partu
495 877 643 918 gravidas
1016 877 1060 909 In
1086 878 1118 909 2.
1144 876 1361 916 VesperiS.

320 925 467 965 pariendi
491 933 583 956 causa
607 924 763 963 molestat,

272 973 410 1011 Cumque
433 972 512 1003 nihil
536 970 597 1002 nisi
620 979 705 1003 mors
873 971 912 1003 R.
942 971 1047 1003 Morte
1072 970 1266 1010 triumphata

320 1022 352 1050 et
376 1018 554 1058 desperatio
578 1019 688 1059 restat,
989 1017 1053 1049 iam
1077 1017 1157 1049 vivit
1180 1018 1269 1058 virgo
1294 1016 1398 1058 beata,

272 1065 361 1097 Haec
384 1065 472 1105 virgo
498 1064 554 1096 dat
576 1072 677 1103 opem,
944 1064 1006 1095 Pro
1031 1064 1097 1096 vita
1121 1067 1230 1105 spreta

320 1111 389 1143 fera
404 1111 498 1151 levat,
528 1110 643 1150 gaudia
665 1113 816 1150 praestat.
991 1111 1057 1143 vita
1080 1111 1198 1150 gaudet
1221 1111 1290 1142 sine
1313 1112 1408 1152 meta,

214 1169 247 1199 2.
271 1168 384 1200 Exitus
408 1167 555 1206 ostendit,
943 1157 1036 1189 Felix
1062 1160 1250 1196 contractus,

320 1213 403 1253 quod
426 1215 455 1245 ei
480 1213 532 1253 qui
549 1221 679 1244 munera
705 1212 819 1252 pandit,
990 1204 1077 1237 Deus
1103 1204 1197 1236 8813111
1212 1203 1355 1245 praemia
1370 1203 1494 1246 faCtUS3

271 1260 404 1292 Lumina
428 1260 581 1291 mittendo
873 1251 911 1283 V.
940 1252 1075 1283 Portans
1098 1260 1157 1291 pro
1182 1250 1287 1292 capite

319 1307 369 1339 vel
391 1306 501 1338 limina
524 1314 615 1338 sacra
640 1305 781 1344 terendo,
993 1299 1088 1338 Galffl'G
1110 1298 1143 1328 in
1169 1296 1352 1329 discrimina
1376 1297 1471 1337 Vitae,

275 1353 397 1386 Crescit
418 1352 453 1385 iu
477 1353 593 1392 optatis
943 1343 1026 1375 Dum
1051 1344 1236 1384 dessffllafflr,

320 1409 390 1431 cum
415 1408 533 1431 summa
556 1399 788 1439 prosperitatis·
989 1394 1063 1431 post·
1077 1391 1156 1422 haee
1173 1390 1320 1423 diadema
1340 1389 1491 1423 lucratur.

215 1457 246 1488 3.
271 1457 356 1496 Quae
381 1456 468 1494 cupis
494 1463 562 1486 esse
584 1463 709 1496 parenS,

319 1501 458 1541 quamvis
482 1501 525 1532 sis
549 1499 690 1532 funditus
712 1509 815 1542 arens,
1060 1492 1106 1520 Ad
1123 1492 1301 1529 Magnffieat.

270 1548 362 1580 Hanc
385 1548 412 1579 si
437 1548 532 1579 corde
555 1547 641 1588 colis,
873 1569 913 1600 A.
944 1567 1038 1600 Sidus
1061 1569 1249 1610 honestatis,

320 1594 447 1626 dabitur
471 1594 529 1625 tibi
553 1595 656 1633 gratia
679 1595 788 1634 prolis.
989 1615 1087 1656 gratis
1113 1614 1162 1646 fer
1187 1625 1279 1657 opem
1303 1616 1466 1657 bonitatis,

214 1653 246 1683 4--
271 1651 363 1683 Hasso
387 1650 454 1682 001³
478 1649 647 1690 ferventer,
944 1662 1044 1694 Stella
1067 1662 1134 1702 poli
1157 1663 1371 1704 splendorque
1395 1664 1469 1704 soli,

320 1706 370 1728 res
400 1700 449 1728 est
472 1698 603 1737 experta
625 1695 816 1738 frequenter,
990 1711 1189 1741 contemnere
1211 1710 1276 1741 „015

272 1744 352 1776 V0t0
377 1743 538 1796 gfffld<÷b132
763 1790 770 1796 ‚
943 1756 1113 1788 Precautes
1138 1756 1179 1787 ad
1203 1759 1246 1796 te,

318 1798 457 1830 reqfflem
481 1792 554 1831 POSt
577 1788 645 1821 fa'ssa
667 1790 799 1824 tenebls·
988 1803 1157 1834 clamantes
1178 1804 1220 1836 ad
1235 1806 1277 1844 te,
1296 1808 1492 1847 venerantes,

215 1848 247 1879 5.
271 1846 372 1879 Huius
397 1855 488 1885 opem
510 1846 611 1885 pulsa,
940 1848 1066 1881 Laudes
1091 1850 1200 1891 exiles,

316 1893 386 1925 Nec
409 1893 470 1924 erit
490 1893 550 1924 tibi
572 1892 639 1925 lata
658 1893 794 1934 repulsa,
985 1896 1121 1928 humiles
1143 1905 1205 1928 non
1230 1898 1294 1929 sint
1317 1896 1377 1930 tibi
1401 1900 1491 1939 viles,

273 1941 307 1973 Si
332 1940 412 1971 bene
433 1939 546 1971 iurasti
940 1942 1012 1974 Hoc
1035 1944 1116 1975 festo
1140 1947 1269 1982 praesto

319 1987 435 2029 culpas,
462 1995 539 2026 quas
562 1984 667 2018 flendo
691 1985 797 2026 piasti.
985 1991 1041 2020 tua
1062 1988 1146 2021 festa
1169 1990 1343 2022 colentibus
1366 1995 1443 2025 esto.

276 2072 360 2099 BreV.
390 2078 442 2098 ms.
464 2070 493 2098 S.
517 2070 630 2097 Mariae
653 2071 808 2098 Trimmen.
840 2080 914 2099 saec.
944 2069 988 2098 15.
1029 2071 1097 2100 Cod.
1124 2072 1248 2109 Collegii
1273 2082 1311 2101 ss.
1338 2073 1492 2105 Trinitatis

200 2109 356 2137 Dublinen.
375 2108 400 2135 B
419 2105 446 2135 3.
469 2106 512 2135 12.
532 2121 569 2126 —
588 2108 629 2135 In
650 2106 675 2135 1.
694 2109 796 2135 Noct.
817 2106 839 2135 Α
862 2107 886 2144 1,
903 2106 917 2136 1
939 2108 1072 2137 Secunda
1090 2110 1175 2137 laeta.
1189 2125 1226 2129 —
1247 2108 1268 2137 Β
1291 2109 1315 2146 1,
1332 2110 1367 2140 10
1385 2116 1494 2142 meruit

200 2146 345 2181 quondam
373 2146 552 2181 trophaeum.
573 2159 608 2163 -
638 2143 659 2172 Β
680 2144 706 2179 2,
729 2143 744 2172 1
764 2146 850 2180 spina
874 2155 984 2174 rorans.
1004 2161 1041 2165 —
1063 2145 1083 2173 Β
1104 2145 1130 2180 3,
1150 2145 1168 2173 2
1188 2150 1307 2184 pectori.
1326 2163 1365 2168 —-
1386 2149 1406 2177 Β
1427 2150 1453 2185 3,
1474 2151 1494 2180 4

198 2183 332 2211 vivendo.
348 2197 382 2202 —-
397 2183 458 2211 Vor
473 2182 493 2210 Β
507 2181 533 2216 3,
549 2182 566 2210 ’7
580 2191 621 2218 sq.
637 2183 750 2211 scheint
762 2184 810 2211 ein
822 2185 894 2211 Vers
909 2185 1089 2219 ausgefallen
1104 2193 1140 2212 zu
1153 2186 1225 2212 sein.
1240 2200 1276 2204 —
1290 2187 1333 2214 In
1345 2185 1372 2215 2.
1389 2190 1491 2217 Noet.

202 2219 224 2246 Α
246 2220 271 2255 1,
294 2219 312 2247 2
332 2221 381 2248 sed
402 2229 459 2249 non
479 2224 538 2248 tam
557 2220 620 2248 illa.
640 2235 677 2240 —-
697 2221 716 2247 Α
736 2219 763 2255 3,
783 2219 800 2248 6
820 2222 945 2249 fluentis.
966 2235 1003 2241 q
1025 2220 1046 2248 Β
1068 2220 1092 2251 1,
1114 2220 1132 2249 9
1152 2223 1286 2251 Orabiles
1308 2227 1436 2261 grandis.
1457 2243 1493 2248 —-

203 2256 223 2284 Β
244 2257 271 2292 3,
294 2257 309 2285 1
328 2259 408 2286 Huic
425 2261 529 2286 motus.
549 2274 587 2279 —
614 2256 635 2285 Β
656 2257 682 2293 3,
702 2257 723 2286 4
747 2258 854 2286 debita.
883 2272 919 2277 —
945 2259 986 2286 In
1010 2258 1038 2287 3.
1059 2260 1164 2287 Noct.
1192 2258 1214 2286 Α
1235 2259 1262 2294 2,
1282 2260 1299 2289 5
1319 2263 1437 2300 Atripit.
1457 2281 1493 2285 —

201 2294 224 2322 Α
246 2295 273 2331 2,
294 2294 311 2323 6
332 2296 442 2323 invina.
465 2312 503 2316 —
521 2294 542 2322 Β
563 2294 588 2331 1,
608 2294 626 2323 2
645 2297 732 2324 facta.
751 2310 788 2315 --
809 2295 829 2323 Β
852 2295 877 2330 1,
896 2294 916 2323 4
936 2298 1033 2324 verios
1054 2297 1191 2333 quoquid.
1206 2313 1244 2318 —
1258 2297 1279 2325 Β
1300 2298 1327 2333 3,
1342 2298 1359 2327 5
1379 2302 1494 2332 scheint

200 2334 248 2361 ein
267 2334 369 2361 halber
388 2334 461 2361 Vers
481 2343 518 2361 zu
536 2333 641 2362 fehlen.
661 2350 698 2353 —
725 2335 768 2362 In
787 2334 898 2362 Laud.
929 2332 952 2360 Α
983 2332 1008 2369 5,
1028 2333 1047 2361 2
1075 2335 1132 2362 tibi
1160 2335 1229 2363 fata.
1255 2352 1292 2356 —
1316 2337 1361 2365 Ad
1384 2340 1491 2370 BenecL

200 2369 232 2405 Α,
253 2370 271 2400 3
290 2380 333 2408 sq.
353 2379 475 2399 vacuam
495 2373 627 2399 mentem.
649 2387 684 2391 —
704 2373 745 2401 In
764 2370 791 2399 2.
811 2373 920 2409 Vesp.
940 2369 970 2406 Β,
990 2371 1008 2401 8
1028 2375 1116 2407 caput
1133 2373 1311 2402 indisimina.
