1655 2534
689 149 944 183 —162—

246 250 328 282 Nam
357 250 449 282 ducta
472 248 613 288 angelico
917 240 1079 273 Laudibus
1105 237 1264 271 lucifluam

246 297 434 336 Canticoque
456 295 581 333 caelico,
965 288 1142 319 excolamus
1167 285 1260 317 simul
1284 284 1389 315 istam.

293 345 395 383 Caput
418 342 560 374 manibus
584 338 724 381 portavit
915 334 1006 366 Miris
1031 333 1179 373 operibus

246 391 343 430 Virgo
368 395 485 421 sectum
962 381 1140 420 triumphus
1165 379 1283 410 renitet
1308 376 1395 414 eius3

246 438 372 470 Pariter
401 439 520 468 rectum
918 429 1012 461 Casta
1034 430 1111 466 erat,
1138 425 1264 464 nobilis,

247 483 466 523 Sanguineque
488 479 638 513 infectum
964 479 1075 506 tenens
1109 471 1304 513 exemplaria
1329 469 1468 509 summis,

294 531 347 562 Ad
355 537 561 561 marmoreum
572 525 685 557 montis
693 525 828 556 bustum.
918 522 1042 563 Inclita,
1069 520 1153 551 mitis
1180 527 1250 559 ope,

247 576 332 608 Hinc
354 575 510 615 languidis
534 580 662 604 manare
964 568 1040 599 tulit
1064 566 1222 606 ergastula
1246 571 1377 604 poenae,

249 623 310 654 Per
333 624 434 662 ipsam
458 621 576 652 fontem
918 615 1090 646 Tormenta
1110 614 1293 651 vanescunt,

248 669 339 700 Fecit
364 670 405 700 ad
429 671 575 705 montem,
967 661 1068 701 gentis
1094 659 1187 690 eiecit
1210 658 1390 696 simulacra,

296 715 384 754 Quod
411 714 535 754 dignum
554 714 601 743 est
619 714 650 742 et
664 711 790 741 iustum.
920 710 1023 741 Iesum
1049 709 1163 746 mente,
1190 714 1245 736 ore

967 754 1134 794 praedicat
1157 752 1224 791 regi
1241 751 1353 783 inclito
1372 757 1470 781 more.

312 791 358 822 In
383 791 412 820 2'
441 788 463 818 V
478 786 656 826 asperis·
922 802 947 834 O
971 804 1082 840 potens
1106 799 1225 839 regina,

362 853 408 879 Ad
427 850 603 887 Mag-nificat.
968 848 1062 887 iunge
1085 847 1154 878 Deo
1178 846 1212 876 in
1234 844 1403 882 ierarchia,

185 902 224 933 A.
252 901 365 933 Annua
388 908 501 939 nempe
524 899 615 930 nobis
920 895 1045 927 Eruens
1070 902 1126 925 nos
1151 901 1257 924 omnes

298 948 397 979 oritur
422 947 488 978 dies
514 945 675 982 orationis,
970 941 1107 972 natalem
1134 948 1171 971 ac
1196 939 1382 979 recolentes,

253 993 405 1033 Martyris
429 993 492 1024 ista
515 992 606 1023 nobis
924 988 970 1020 Ut
993 987 1115 1018 miseris
1140 987 1223 1017 mira

298 1041 411 1071 invitat
434 1039 474 1070 ad
500 1038 606 1069 munia
627 1037 726 1077 vocis,
972 1035 1107 1066 abdetur
1133 1033 1248 1065 iudicis
1272 1032 1331 1065 ira.

262 1130 346 1158 Brev.
375 1139 426 1158 ms.
450 1131 651 1157 Monasticum.
678 1136 752 1155 saec.
781 1126 825 1154 15.
867 1126 935 1154 Cod.
955 1126 1112 1153 Eremiten.
1137 1122 1183 1152 84.
1203 1140 1241 1144 —
1260 1124 1303 1150 In
1325 1121 1349 1150 1.
1369 1123 1475 1158 Vesp.

184 1168 229 1195 Ad
246 1168 344 1203 Magn.
373 1167 408 1195 14
428 1168 472 1194 Ad
498 1167 558 1202 peti
585 1165 743 1193 aedificata.
764 1179 801 1183 —
821 1165 871 1192 Ad
889 1165 1017 1191 Matut.
1037 1163 1126 1190 Iuvit.
1149 1161 1164 1189 1
1187 1161 1210 1189 O
1240 1161 1418 1197 vigilantem.
1438 1176 1477 1179 —

186 1206 227 1232 In
251 1203 274 1231 1.
294 1205 396 1233 Noct.
416 1204 437 1231 A
461 1203 485 1239 2,
508 1203 524 1231 6
543 1205 611 1232 Lies
631 1205 722 1230 virtus
743 1203 799 1230 Dei
820 1203 959 1237 permisit.
974 1215 1010 1219 -—
1029 1199 1051 1226 A
1072 1198 1099 1233 4,
1120 1198 1138 1226 2
1150 1199 1301 1227 Idolatria.
1318 1213 1352 1216 —
1370 1196 1392 1224 A
1412 1196 1440 1230 4,
1460 1197 1477 1225 5

186 1242 375 1278 Blanquagia.
408 1258 424 1261 -
453 1240 475 1268 A
496 1240 522 1275 5,
546 1240 561 1268 1
582 1241 733 1268 infantula.
752 1255 790 1259 —
810 1238 841 1273 A,
863 1237 888 1272 5,
909 1237 927 1265 2
946 1238 1082 1274 puellam.
1103 1252 1140 1256 —
1161 1236 1182 1262 A
1204 1235 1229 1269 5,
1251 1234 1269 1264 3
1289 1237 1422 1272 gratiam.
1442 1251 1480 1255 —

188 1277 210 1305 A
231 1277 260 1312 5,
281 1276 300 1305 4
320 1281 400 1313 Quae
419 1281 457 1306 in.
478 1294 515 1298 -—
536 1279 554 1304 A
575 1278 607 1313 5,
628 1276 644 1305 6
664 1277 879 1305 Benedictione.
900 1290 936 1295 —-
957 1275 979 1302 A
1001 1274 1031 1308 6,
1053 1273 1071 1301 2
1088 1275 1210 1310 angelis.
1231 1288 1268 1293 —
1292 1272 1313 1299 A
1336 1271 1362 1305 6,
1384 1273 1400 1301 5
1421 1273 1480 1300 Ex-

188 1318 291 1343 orarat.
309 1332 345 1336 ——
366 1317 385 1343 Α
406 1315 431 1347 6,
453 1315 469 1344 6
490 1317 578 1344 Deus.
600 1330 633 1334 -
654 1313 674 1341 Β
697 1314 721 1348 1,
744 1313 761 1341 2
776 1314 917 1347 Quiteria.
931 1328 968 1332 —
984 1311 1003 1338 Β
1024 1311 1050 1346 2,
1072 1311 1089 1339 2
1102 1312 1313 1339 Daemonibus.
1329 1326 1363 1329 —
1380 1309 1400 1336 Β
1422 1309 1448 1344 2,
1463 1309 1481 1338 8

188 1354 341 1381 celebrare.
362 1369 396 1373 —
420 1353 439 1379 R
461 1352 487 1388 2,
509 1352 525 1381 9
545 1354 611 1380 Non
628 1356 739 1380 tantam
762 1359 877 1387 sponsa.
898 1365 934 1369 —-
956 1348 986 1383 Β,
1007 1348 1033 1382 3,
1055 1348 1071 1376 6
1091 1350 1280 1376 Pei-servaret.
1301 1348 1427 1376 Clu-isto.
1444 1363 1482 1367 —

185 1391 227 1418 In
246 1389 271 1416 2.
292 1392 395 1419 Noct.
417 1390 439 1417 A
462 1391 486 1424 1,
507 1389 524 1418 3
543 1392 734 1426 Blanquagia.
754 1403 791 1408 —
811 1387 834 1415 A
858 1387 882 1422 1,
903 1387 920 1415 6
939 1388 1068 1423 Afragia.
1089 1402 1128 1406 —
1146 1385 1169 1413 A
1189 1385 1215 1419 2,
1237 1385 1255 1414 3
1268 1386 1481 1413 Ecclesiarum-

187 1436 244 1492 Rue
261 1427 366 1456 thauri.
379 1444 417 1448 —
431 1427 452 1454 A
467 1427 492 1462 2,
508 1426 524 1455 6
538 1429 655 1456 Gazam.
669 1442 705 1446 —
720 1425 742 1453 A
756 1424 782 1459 3,
799 1424 814 1453 1
828 1426 959 1453 Axmato.
973 1439 1012 1443 —
1026 1424 1047 1450 A
1062 1422 1088 1457 3,
1104 1423 1124 1451 4
1143 1425 1267 1452 bestiam
1281 1425 1429 1459 tercipem.
1444 1438 1481 1442 —

240 1463 267 1498 4,
289 1463 305 1492 6
331 1467 398 1493 Lies
426 1464 595 1500 Quomodo?
619 1479 656 1484 —
684 1463 705 1490 A
726 1463 752 1498 5,
773 1462 790 1491 3
815 1464 899 1491 Lune
924 1465 1018 1496 tact0;
1043 1463 1098 1489 lies
1118 1463 1297 1489 Lunaticos‘?
1320 1476 1354 1480 —
1376 1460 1398 1487 A
1419 1459 1444 1496 6,
1465 1458 1483 1488 3

188 1511 321 1530 errorem.
342 1518 376 1522 —
400 1502 419 1529 Β
442 1503 466 1537 1,
489 1502 504 1530 1
525 1504 715 1538 Blanquagia.
729 1516 766 1520 —
787 1499 806 1527 Β
827 1499 854 1536 2,
875 1498 893 1528 3
906 1499 1029 1528 Alfiano.
1044 1516 1080 1519 —
1096 1497 1116 1525 Β
1140 1497 1167 1531 2,
1187 1498 1204 1525 7
1226 1502 1290 1527 octo
1313 1500 1432 1526 serenis.
1447 1513 1484 1517 —-

191 1538 211 1565 Β
240 1537 265 1573 2,
286 1538 303 1567 9
322 1542 490 1568 Laetantur.
510 1556 547 1560 —
566 1541 610 1567 In
630 1538 656 1567 3.
676 1540 698 1567 N
712 1542 774 1566 oct.
795 1539 840 1565 Ad
861 1538 943 1565 Cant.
964 1536 985 1563 A
1010 1536 1024 1563 1
1046 1539 1111 1564 ortu
1130 1545 1195 1564 cum
1216 1545 1293 1564 casu.
1315 1551 1352 1555 ——
1370 1536 1446 1564 Ibid.
1466 1534 1486 1563 4

191 1577 296 1604 colant.
312 1593 349 1597 —
364 1576 383 1603 Β
407 1577 430 1610 1,
451 1576 468 1605 5
489 1579 565 1604 sieut
582 1577 710 1613 fulgitur.
724 1592 758 1595 —
776 1574 796 1601 Β
819 1574 843 1609 1,
867 1574 900 1602 10
921 1576 1096 1610 baptismate
1115 1583 1256 1601 reversos.
1272 1589 1306 1593 —
1324 1572 1344 1600 Β
1361 1572 1388 1609 2,
1409 1572 1427 1600 2
1441 1573 1486 1601 Ad

188 1613 268 1641 fehlt.
299 1631 328 1635 —
360 1613 379 1640 R
407 1613 433 1647 2,
455 1614 471 1640 ’7
498 1623 585 1641 arma.
605 1629 642 1633 —
664 1611 684 1639 Β
711 1611 737 1645 3,
758 1612 774 1640 6
793 1613 866 1640 Post
892 1614 1021 1648 spiritus.
1042 1628 1079 1631 —
1103 1610 1122 1637 Β
1150 1609 1176 1644 3,
1197 1611 1215 1638 7
1235 1613 1294 1639 Hic
1317 1621 1370 1648 pro
1398 1613 1487 1648 mptis

192 1648 268 1686 [sic].
293 1665 328 1670 —
355 1653 396 1679 In
419 1652 529 1679 Laud.
559 1650 580 1677 A
612 1650 635 1682 1,
657 1649 676 1677 4
699 1651 787 1677 Petis.
812 1666 849 1670 —
877 1648 899 1676 A
928 1648 955 1682 2,
976 1649 993 1676 5
1021 1657 1037 1676 a
1062 1649 1142 1676 fehlt.
1165 1664 1195 1669 —-
1222 1649 1266 1676 Ad
1287 1649 1394 1677 Bened.
1416 1648 1448 1682 A,
1470 1647 1486 1676 9

191 1688 253 1715 San
275 1689 436 1725 niuemque.
458 1704 490 1708 —
512 1689 586 1716 Ibid.
609 1687 643 1715 11
663 1689 751 1715 Hunc
772 1688 874 1722 lanqui
895 1695 1019 1714 manere.
1040 1701 1077 1705 —
1095 1687 1138 1714 111
1158 1685 1184 1713 2.
1204 1687 1307 1722 Vesp.
1328 1688 1365 1714 ad
1387 1688 1489 1714 Maon.

197 1723 229 1754 A.
249 1697 274 1752 ἔ
295 1728 400 1754 invitet
428 1728 526 1753 munia
546 1727 622 1752 iotis.
642 1740 679 1744 —-
698 1725 772 1752 Ibid.
793 1723 811 1752 8
830 1726 974 1752 reterinet.
994 1738 1031 1743 —
1052 1724 1128 1751 Ibid.
1152 1723 1187 1751 12
1207 1725 1334 1752 sustulit.
1356 1739 1392 1743 —-
1412 1710 1487 1752 Iffid.

197 1760 234 1788 14
258 1764 320 1790 ater
339 1765 442 1799 gentis.
464 1779 500 1783 —
520 1763 593 1791 Ibid.
616 1760 651 1789 18
669 1763 732 1789 Deo
753 1764 783 1789 in
804 1762 910 1789 archia.
931 1776 966 1781 -—
987 1761 1063 1789 Ibid.
1087 1760 1121 1789 21
1143 1763 1278 1789 miseriis.
1299 1777 1335 1781 —
1355 1762 1429 1790 Ibid.
1451 1760 1488 1788 22

197 1799 350 1828 abditetur.
371 1816 406 1820 —
425 1802 481 1828 Die
501 1801 696 1836 zugehtirigen
716 1800 852 1834 Hymnen
871 1800 930 1835 vgl.
950 1799 1035 1826 Anal.
1056 1799 1166 1830 XXIII,
1188 1801 1239 1827 ΝΥ.
1259 1798 1420 1827 460-462.

609 1946 654 1976 58.
684 1946 725 1976 De
748 1946 857 1976 sancta
877 1945 1073 1985 Regenflede.

328 2047 373 2078 In
401 2047 430 2078 1.
458 2045 671 2084 VesperiS.
879 2046 909 2076 2.
936 2044 1044 2075 Nobili
1070 2045 1170 2082 stirpe
1190 2044 1305 2083 genita,

936 2090 999 2122 Sed
1025 2091 1194 2121 virtutibus
1219 2091 1377 2130 praedita,

412 2157 607 2192 Antiphonae.
935 2137 1049 2169 Mundi
1075 2138 1265 2177 contempsit
1289 2138 1422 2177 gloriam

940 2184 1068 2222 Adepta
1094 2183 1213 2215 Christi
1237 2185 1381 2224 gratiam.

206 2243 237 2275 1.
265 2241 447 2274 Gratuletur
472 2242 613 2284 ecclesia⁷
884 2242 915 2273 3.
940 2240 1019 2279 Igne
1041 2238 1197 2280 flagrabat
1221 2239 1307 2276 fidei,

263 2288 345 2320 Dum
371 2288 570 2329 Regenfledis
595 2288 705 2319 inclita
942 2287 1060 2318 Amore
1084 2295 1234 2318 succensa
1258 2287 1319 2320 Dei

265 2336 340 2367 Post
360 2334 464 2367 fluxae
489 2337 571 2367 vitae
596 2335 701 2366 tristia
942 2333 1046 2373 Signis
1072 2333 1188 2365 effulsit
1211 2335 1309 2367 variis

267 2381 376 2414 Sandit
403 2383 443 2414 ad
470 2383 547 2414 caeli
573 2382 696 2422 gaudia.
942 2381 985 2412 Et
1007 2381 1040 2412 in
1064 2381 1153 2413 miris
1177 2382 1343 2422 prodigiis.
