1655 2534
718 110 949 145 „30—

262 205 462 245 Stupefactus
488 208 520 237 et
545 209 669 238 coactus

309 253 370 285 Suo
396 255 487 285 vocat
510 253 643 285 nomine.

205 310 234 342 3.
259 308 363 348 Rogat
387 307 533 349 frequens
556 309 719 341 coenobita

262 354 305 387 Ut
331 355 462 387 eundem
488 356 618 387 eremita

309 402 361 435 Sic
385 403 462 433 velit
485 403 688 445 benedicere,

262 449 371 488 Inquit
391 448 464 481 illa:
492 449 690 481 sacerdotum

262 496 389 528 Culmen
415 498 577 527 consecrat
599 498 630 527 te
653 498 761 534 totum,

308 542 408 574 Tuum
433 545 480 573 est
503 550 613 583 preces
640 543 759 581 dicere3

193 588 228 618 V.
261 588 307 621 Ut
331 587 462 628 audivit,
488 589 570 629 quod
597 589 674 620 haec
698 589 790 620 scivit

308 634 461 672 Officium,
488 643 609 675 quoque
632 643 754 675 nomen,

264 680 413 713 Benedici
438 683 469 712 et
490 681 573 714 adici

306 727 368 759 Per
392 727 489 758 verba
514 730 604 766 rogat
627 737 726 759 omen.

318 858 419 890 1113.
448 857 672 890 Nocturno.

404 930 511 966 Antiph
516 938 588 958 onae

206 988 236 1021 1.
263 988 362 1019 Orans
386 989 447 1019 ista
472 996 540 1019 cum
565 988 728 1026 psalmista

260 1033 374 1065 Manus
399 1034 510 1073 tendit,
536 1035 562 1065 is
587 1034 768 1072 praetendit

308 1080 498 1112 Phantasma
523 1088 591 1111 esse
615 1080 728 1119 subito,

260 1125 425 1158 Elevatam
449 1129 514 1157 tum
539 1127 661 1158 beatam

259 1172 289 1203 A
314 1173 426 1204 tellure
450 1175 482 1203 et
505 1181 669 1204 mensurae

308 1219 395 1250 Vidit
419 1228 479 1250 uno
505 1218 619 1252 cubito.

202 1276 232 1306 2.
258 1273 344 1305 Male
368 1277 460 1314 putas
485 1282 517 1306 et,
539 1274 658 1306 refutas

259 1320 470 1352 Peccatricem
494 1330 544 1353 me
567 1322 723 1361 pernicem

306 1367 493 1398 Phantasma
517 1376 584 1399 csse
608 1367 722 1406 zabuli,

259 1413 373 1444 Pareat
396 1413 492 1453 Deus,
518 1415 628 1452 inquit,
654 1422 740 1445 meus

257 1459 437 1498 Miserator‚
464 1461 657 1491 ministrator

305 1505 467 1537 Humanae
492 1506 602 1537 mentis
627 1506 744 1545 pabuli.

205 1562 236 1593 3.
261 1560 331 1598 Eia,
357 1564 488 1593 matrem
512 1564 544 1593 te
569 1564 600 1592 et
623 1565 745 1600 patrem

261 1606 457 1649 Caelestium,
482 1608 676 1639 terrestrium

307 1653 459 1686 Goadiuro
484 1655 692 1695 vehementer,

262 1699 439 1739 Coenobita,
465 1701 567 1741 inquit
589 1701 643 1740 ita,

258 1746 409 1787 Regnum,
436 1756 542 1787 genus,
561 1750 675 1780 statum
691 1748 802 1788 plenus

304 1793 412 1826 Sermo
438 1796 563 1833 peroret
588 1793 777 1834 frequenter.

398 1868 602 1902 Responsoria.

202 1925 231 1956 1.
258 1924 364 1957 Fideli
387 1924 465 1955 haec
489 1925 644 1956 sacerdoti

257 1970 394 2002 Facinus
417 1972 541 2010 peccati
563 1972 632 2003 noti

303 2017 477 2050 Fatebatur
500 2018 639 2059 eremita,

259 2064 388 2096 Omnem
413 2072 561 2097 enarrans
585 2066 709 2108 seriem,

258 2110 373 2143 Gestae
397 2111 442 2143 rei
468 2112 639 2153 materiem,

302 2158 398 2196 Quam
424 2162 563 2198 gesserat
586 2159 619 2190 in
644 2160 704 2192 hac
720 2159 803 2199 vita3

190 2204 227 2237 V.
257 2204 350 2236 Felix
371 2205 433 2237 ist-a
458 2214 528 2237 eum
553 2206 717 2246 psalmista

304 2250 344 2282 Se
371 2251 439 2283 fore
462 2262 548 2285 ream
572 2254 746 2293 praedicat,

258 2297 311 2329 Ad
337 2299 513 2337 exemplum
529 2300 630 2332 nostri
653 2300 804 2339 templum

306 2344 417 2376 Vivum
440 2354 474 2377 se
500 2347 623 2380 Christo
650 2347 786 2381 dedicat.

877 207 908 239 2.
933 204 1057 237 Exorat
1081 204 1159 236 haec
1182 210 1297 235 coenae
1321 201 1373 233 die

864 486 900 516 V.

934 250 1089 283 Zosimam
1116 248 1324 282 eucharistiae

979 297 1133 330 Conferre
1157 295 1370 330 sanctuarium

933 344 985 378 Ad
1011 345 1188 380 Iordanem,
1214 343 1357 376 revoluto

933 393 1026 424 Anno
1051 391 1183 423 termino
1209 391 1326 423 statuto

980 438 1090 470 Sumat
1113 438 1192 471 caeli
1219 437 1371 476 diarium;

932 485 1052 524 Corpus
1078 484 1197 518 Christi
1223 483 1364 524 petivisti

980 532 1010 563 A
1033 531 1207 570 sacerdote,
1234 530 1349 568 Maria,

934 579 1013 610 Nam
1027 587 1084 618 per
1093 578 1223 609 multum
1233 581 1356 616 tempus
1367 578 1483 609 cultum

980 624 1050 656 Nou
1076 625 1201 657 videras
1227 624 1305 656 haec
1327 623 1361 655 in
1387 626 1448 657 via.

901 706 907 713 .
933 681 1091 713 Coronata
1116 689 1183 711 cum
1210 689 1327 712 corona

933 727 1047 766 Fulget
1071 727 1157 760 caelo
1184 727 1260 759 haec
1292 729 1437 759 matrona

979 773 1084 806 Beatis
1111 782 1179 805 eum
1205 773 1375 816 caelicolis,

933 822 1018 860 Quae
1042 821 1159 860 gaudet
1182 829 1264 851 nune
1288 819 1321 850 in
1346 820 1447 860 gloria

932 866 1066 899 Devicta
1089 866 1198 898 mundi
1224 865 1338 904 scoria,

979 912 1121 945 Clemens
1146 913 1225 944 assis
1252 913 1458 955 christicolis3

934 960 959 992 O
983 959 1089 992 Maria
1113 960 1281 1000 Aegyptia,

932 1006 1045 1038 Funde
1068 1014 1194 1045 precem
1221 1008 1331 1038 contra
1354 1015 1460 1038 necem

977 1052 1109 1084 Aeterni
1133 1052 1235 1084 luctus
1261 1052 1372 1092 tabidi,

928 1100 978 1130 Ne
1002 1099 1161 1138 cadamus
1187 1101 1244 1131 sed
1269 1099 1411 1132 vivamus

930 1145 1039 1177 Firma
1063 1145 1136 1185 fide,
1163 1148 1193 1177 et
1220 1145 1334 1178 collide

976 1191 1118 1231 Laqueos
1142 1192 1241 1224 hostis
1267 1192 1381 1225 rabidi.

1018 1304 1062 1335 In
1093 1303 1320 1336 Laudibus.

1072 1376 1264 1411 Antiphonae.

898 1459 905 1466 .
931 1434 968 1465 In
995 1441 1072 1464 cena
1097 1434 1153 1465 ‹lat
1178 1434 1334 1466 dominica

928 1479 990 1511 Hic
1016 1484 1214 1512 sacramenta
1237 1482 1372 1521 mystica

929 1525 982 1557 Sic
1006 1526 1118 1558 beatae
1141 1526 1284 1571 indilate,

931 1572 1029 1604 Offert
1054 1573 1179 1612 donum,
1206 1576 1291 1606 vitae
1313 1583 1426 1606 conum

975 1619 1059 1651 Huic
1084 1620 1206 1652 Mariae
1231 1621 1409 1661 presbyter.

896 1699 904 1707 .
928 1675 1069 1707 Transiit
1094 1676 1145 1707 hie
1169 1685 1265 1717 super
1292 1678 1411 1709 undam

929 1722 1029 1754 Facto
1055 1723 1143 1763 signo
1169 1724 1281 1766 erucis,
1308 1726 1457 1757 mundam

929 1769 1089 1809 Gontagio,
1116 1769 1281 1811 naufragio

929 1815 1026 1854 Quam
1054 1817 1183 1848 crimine
1206 1827 1268 1850 non
1294 1818 1422 1850 minime

978 1862 1073 1895 Caelo
1098 1863 1175 1895 fecit
1200 1865 1329 1898 arbiter.

899 1944 905 1951 .
932 1918 1033 1950 Nimis
1059 1922 1189 1959 stupore
1213 1921 1345 1954 tremuit

929 1964 1084 1997 Sacerdos
1110 1970 1140 1997 et
1164 1966 1317 2006 ingemuit

930 2011 1048 2043 Iterato
1068 2015 1253 2052 perpetrato

930 2058 1001 2090 Tali
1025 2058 1113 2098 signo
1139 2058 1203 2091 fide
1229 2061 1323 2102 digno

975 2104 1054 2136 Eius
1068 2106 1203 2145 pedibus
1217 2116 1251 2139 se
1263 2111 1480 2148 prosternens.

897 2183 904 2191 .
931 2161 956 2193 Ο
982 2161 1140 2203 sacerdos,
1166 2162 1278 2204 inquit,
1303 2164 1369 2197 late

931 2207 1023 2239 Celsa
1047 2206 1171 2249 fulgens
1196 2210 1359 2252 dignitate,

930 2254 976 2285 Te
998 2258 1160 2293 prostrare
1184 2257 1260 2298 noli,
1287 2266 1370 2300 care,

931 2300 994 2333 Sed
1018 2304 1092 2342 post
1115 2312 1241 2336 cursum
1265 2306 1340 2338 anni
1358 2317 1484 2341 rursum

977 2347 1048 2381 Hoc
1067 2349 1100 2381 in
1124 2351 1194 2383 loco
1211 2352 1254 2384 sis
1271 2361 1321 2385 me
1339 2363 1481 2390 cernens..
