1655 2534
701 114 959 149 —259—

153 205 241 232 Pater
264 206 412 240 praefatus
438 208 562 244 virginis
588 210 625 236 K.
653 225 691 229 ——
718 210 776 237 Die
800 211 1017 239 monastischen
1041 211 1110 238 Hss.
1136 211 1231 238 haben
1253 208 1273 236 R
1294 209 1312 238 3
1333 211 1459 239 Solatur:

155 245 267 277 patrem
287 243 397 272 Ursula
426 248 479 273 etc.
511 244 530 271 R
560 245 580 273 4
609 246 738 283 Spondet
765 251 849 284 pater
879 250 1045 285 coniugium
1077 251 1128 275 etc.
1160 262 1197 266 —
1224 249 1264 275 In
1289 247 1314 275 2.
1341 249 1445 276 Noct-

154 280 295 317 Ordnung
316 281 367 309 der
386 283 426 309 ΑΛ
447 283 507 310 und
527 281 572 309 BR
593 285 624 311 in
642 285 736 313 EFG:

166 316 190 345 1.
212 319 278 345 Vox
297 321 419 347 turturis
438 323 473 348 ut.
492 323 598 355 sonuit,
893 324 995 351 Murra
1013 324 1101 350 simul
1121 326 1150 351 et
1169 323 1234 351 aloe

209 357 306 384 Vinea
321 357 431 402 Christi
445 359 552 392 floruit,
893 362 991 389 Decus
1009 361 1096 388 huius
1117 363 1186 388 sunt
1197 362 1309 388 vineae.

210 395 289 422 Dum
309 398 476 430 germlnant
493 397 682 441 nepa—luntes
848 406 874 436 3.
893 409 974 436 Inter
995 408 1068 435 haec
1086 408 1139 435 flos
1158 408 1313 442 virginalis

211 433 269 459 Per
287 433 425 461 Ursulam
448 436 493 461 tot
511 442 652 470 virgines.
895 446 997 474 Gloria
1017 448 1062 473 est
1081 445 1226 481 specialis,

164 477 191 506 2.
213 479 324 515 Cyprus
346 482 376 507 eb
394 481 502 508 nardus
525 490 590 508 cum
610 490 704 515 croco,
893 483 979 511 Unde
998 484 1091 510 maior
1111 491 1197 518 quam
1218 483 1329 518 angelis

212 518 329 545 Fistula
348 526 413 545 cum
430 520 622 552 cinnamomo,
894 520 1017 548 Homini
1037 521 1101 547 laus
1123 523 1167 547 est
1185 522 1216 547 in
1237 520 1334 547 caelis.

154 563 255 598 (Diese
281 563 299 592 3
327 565 366 591 ΑΑ
394 566 497 593 stehen
523 567 596 594 auch
616 568 649 593 in
672 567 702 595 G.
723 568 755 594 in
775 567 825 594 ‹ler
844 565 871 595 3.
892 566 987 601 Noct.)
1024 566 1051 595 4.
1071 567 1119 594 En
1138 567 1277 594 lectulam
1296 566 1459 594 Salomonis

156 605 209 630 etc.
248 602 275 630 5.
302 603 362 630 Hic
387 605 495 639 quippe
525 606 672 641 virginum
697 607 796 632 coetus
824 607 876 632 etc.
911 603 937 632 6.
958 606 1034 632 Veni
1059 614 1125 641 ergo
1152 605 1239 633 turba
1262 605 1319 632 Dei
1344 607 1397 632 etc.
1423 620 1461 624 —

157 639 213 667 RB:
243 639 268 668 1.
288 642 419 668 Decurso
446 643 504 669 iam
531 643 656 670 triennio
677 645 730 670 etc.
772 641 799 669 2.
819 643 974 678 Equitatui
1000 643 1127 670 auctoris
1147 645 1200 670 etc.
1237 640 1263 670 3.
1283 642 1328 669 Ad
1348 645 1459 675 portum

156 678 302 720 vehuntur
320 679 405 706 Tilae
427 681 479 706 etc.
518 678 545 707 4.
574 680 651 707 Dum
672 680 825 708 Coloniam
852 681 987 708 obsident
1008 683 1060 708 ebc.
1081 696 1119 700 —
1137 694 1175 699 --
1207 678 1227 706 R
1251 679 1274 712 1,
1295 678 1314 707 4
1333 678 1387 707 Vel
1407 688 1458 715 spe

156 718 286 752 coniugli
306 719 390 744 nutet
408 717 448 752 K3
477 718 643 752 coniugium
663 718 698 745 E.
729 732 763 736 —-
793 718 835 745 In
854 715 881 745 3.
898 718 1013 746 Noct.:
1033 718 1079 745 Ad
1101 716 1221 746 Cantica
1240 717 1258 743 Α
1279 719 1311 744 in
1330 717 1422 746 EFG:

609 756 690 783 Istae
708 757 777 783 sunt
795 756 852 783 Dei
872 756 1012 789 calathus,

611 793 752 829 Supernis
772 794 883 828 nuptiis
910 795 1004 829 aptus,

611 832 671 859 Ubi
691 832 807 858 cantica
827 831 900 858 dans
919 839 998 857 nova

612 868 727 896 Gaudet
745 877 870 903 sponsus
890 877 977 903 super
996 875 1112 903 sponsa.

158 907 215 933 Die
234 907 306 933 zwei
335 907 430 932 ersten
453 902 497 930 ΕΒ
526 906 592 932 sind
616 906 648 932 in
674 905 775 932 diesen
799 906 868 933 Hss.
888 905 1055 941 prosaisch3
1082 906 1133 932 das
1154 905 1255 939 dritta,
1283 905 1335 932 das
1354 906 1387 932 in
1406 905 1462 932 den

159 944 269 971 andern
288 945 319 970 in
340 943 390 970 der
412 940 436 969 1.
457 943 545 977 Vesp.
566 943 630 970 sich
649 942 747 976 findet,
768 943 873 970 Iautet:

561 981 595 1008 R.
615 981 740 1008 Annalis
761 981 857 1008 orbita
875 982 1009 1007 votorum

612 1019 705 1046 Nobis
726 1018 850 1045 suscitat
868 1017 983 1054 gaudia,

612 1056 691 1083 Dum
711 1056 767 1082 hac
786 1055 834 1083 die
853 1057 898 1083 tot
915 1056 1051 1090 virginea

612 1094 669 1120 Pro
692 1093 807 1121 Christo
827 1101 914 1120 caesa
931 1092 1034 1128 pandit
1053 1093 1144 1124 milia,

556 1131 593 1157 V.
614 1131 744 1164 Quarum
763 1132 795 1157 in
813 1139 933 1158 numero

612 1169 686 1196 Cum
707 1177 762 1196 sua
781 1168 854 1196 duce
872 1168 983 1196 Ursula

612 1207 734 1234 Fulsere
755 1208 789 1233 ut
808 1206 905 1233 sidera

611 1245 742 1272 Pinnosa
762 1246 791 1271 et:
811 1243 951 1271 Candida.

158 1284 176 1309 R
204 1282 224 1310 4
251 1282 402 1318 prosaisch
426 1283 459 1309 in
484 1283 520 1310 K.
554 1298 566 1302 —
615 1283 656 1309 In
683 1282 790 1309 Laud.
820 1281 860 1307 ΑΑ
885 1282 1037 1316 prosaisch
1065 1280 1173 1308 CEFG.
1198 1294 1235 1298 —-
1261 1279 1279 1304 Α
1307 1277 1334 1312 3,
1354 1277 1373 1305 4
1393 1279 1466 1313 Seyr

160 1323 190 1348 eb
208 1321 340 1348 Hermon
368 1321 404 1348 K.
463 1336 467 1340 -
492 1320 537 1347 Ad
557 1320 664 1348 Bened.
692 1319 720 1351 Α,
748 1318 763 1346 1
783 1319 829 1346 De
848 1327 968 1346 numero
989 1319 1024 1346 K.
1048 1334 1085 1337 —
1105 1318 1166 1344 Das
1188 1318 1319 1345 Officium
1339 1316 1468 1344 befindet

160 1359 221 1386 sich
251 1358 323 1385 auch
345 1360 377 1386 in
397 1358 515 1393 Antiph.
537 1366 589 1384 ms.
611 1358 770 1385 Sam-,tense
789 1366 865 1384 saec.
878 1355 921 1383 14.
943 1356 1012 1384 cod.
1035 1355 1128 1391 Capit.
1150 1355 1285 1382 Sancten.
1307 1363 1330 1381 s.
1351 1363 1378 1380 n.
1401 1354 1465 1381 add.

158 1405 233 1424 saec.
251 1395 294 1424 14.
316 1396 374 1423 und
394 1396 480 1423 Rrev.
500 1396 691 1423 Paulinorum
710 1397 779 1430 imp.
800 1395 924 1422 Parisiis
946 1392 1027 1421 1540.
1055 1394 1116 1421 Aus
1129 1393 1155 1420 E
1170 1394 1217 1421 bei
1229 1393 1319 1420 Mone
1331 1392 1385 1424 ΠΙ,
1403 1389 1466 1419 524.

589 1486 635 1517 94.
656 1486 700 1517 De
721 1485 836 1516 (luobus
857 1484 1045 1516 Valentinis.

287 1548 326 1580 Iu
363 1547 393 1579 1.
421 1548 648 1587 vesperis,
914 1545 1075 1578 Referunt
1097 1544 1338 1585 magnificando

914 1593 1032 1633 Deum,
1060 1593 1116 1633 qui
1141 1593 1218 1624 altis
1244 1592 1379 1624 sedibus

160 1635 199 1667 R·
231 1634 405 1674 Principes
431 1633 622 1673 bellatores,
915 1641 990 1672 Pon
1013 1641 1103 1672 locat
1126 1640 1161 1671 in
1187 1639 1325 1671 aedibus

231 1681 360 1721 Mundi,
388 1680 555 1712 daemonis
580 1680 738 1718 victores,
914 1688 1081 1728 Mal-byseg
1108 1686 1297 1727 exaltando,

230 1728 372 1760 PraeSUl
398 1736 493 1759 sacer
517 1727 703 1767 valentine,
914 1735 1109 1767 Interamnia
1137 1735 1352 1766 Valentinum

235 1775 316 1829 Cum
340 1774 539 1815 PTssSbY'sel'O
566 1774 714 1807 Romam
916 1783 1118 1822 Praesulem,
1142 1784 1252 1813 mente
1280 1781 1437 1820 divinum,

233 1823 319 1855 Fldss
345 1831 438 1862 sano,
918 1830 1198 1869 Valentinumque
1223 1829 1417 1867 Romanum,

231 1870 312 1904 Viro
335 1870 456 1902 mentis
482 1870 692 1910 caelestinac‚
916 1877 1153 1917 presbyterum
1179 1876 1390 1916 (stafilanum,

231 1917 375 1950 Miseros
398 1918 519 1949 vestris
545 1917 700 1957 precibus
915 1925 1041 1957 Ambos
1067 1924 1133 1956 fide
1159 1924 1338 1956 adornatos

232 1965 302 1997 Nos
329 1965 450 1997 solvite
476 1974 495 1996 a
519 1964 660 1996 nexibus
918 1972 1152 2015 Sanguineque
1177 1972 1349 2003 laureatos

232 2014 456 2052 Peccatorum,
917 2020 1044 2052 Romae
1070 2019 1131 2051 sub
1158 2016 1416 2058 imperatoribus

160 2061 200 2094 V·
232 2061 401 2101 Rogantsss
427 2069 527 2100 ΡΓθῦθ
553 2060 707 2100 8ΠΡΙᾹΪΟῘ,
917 2067 1136 2106 Diversisque
1161 2064 1385 2104 temporibus3

231 2109 339 2141 Pl'aVO
366 2117 386 2139 a
410 2108 496 2140 malo
523 2107 650 2147 triplici
918 2114 1042 2153 Quibus
1065 2114 1139 2145 loco
1167 2112 1386 2152 sequestratis

233 2156 442 2196 Liberemur,
468 2155 584 2187 mortis
609 2154 701 2187 horis
916 2161 993 2194 Una,
1018 2163 1071 2192 esf,
1094 2159 1328 2192 sollemnitatis

235 2203 401 2237 Sifflfflfflll'
427 2203 511 2235 caeli
538 2202 659 2235 ChOPiS·
919 2207 1106 2242 Communis
1132 2207 1215 2247 dies,
1241 2206 1326 2238 caeli
1351 2206 1456 2246 quies.

919 2256 1048 2288 Horum
1071 2263 1169 2296 prece
1194 2263 1254 2286 nos
1281 2253 1322 2286 de
1347 2262 1430 2285 nece

354 2296 399 2323 Ad
419 2294 598 2331 Magnificat.
919 2304 1086 2336 Aeternae
1111 2302 1228 2334 mortis
1253 2302 1361 2334 libera

162 2355 203 2387 A.
238 2354 356 2386 Omnes
387 2355 620 2394 generationes
920 2351 967 2384 Et
992 2360 1064 2382 cum
1091 2350 1138 2382 eis
1163 2349 1259 2381 nobis
1284 2349 1363 2390 reis,

238 2400 428 2435 Gratiarum
453 2402 599 2435 actiones
923 2398 1065 2440 Christe,
1092 2397 1236 2430 concede
1259 2405 1407 2429 munera.

1247 2441 1306 2472 17*
