1655 2534
681 108 915 145 .-45-

600 210 642 242 15.
674 212 716 243 De
735 211 844 243 sancta
863 210 996 243 Martha.

284 279 333 311 In
360 282 392 312 1.
418 279 634 319 Vesperis.

336 361 430 397 Super
446 363 590 391 Psalmos.

149 420 190 453 A.
220 420 281 460 En,
306 420 415 452 illuxit
438 420 492 452 lux
517 421 662 462 celebris,

222 468 261 499 In
286 475 348 506 qua
374 467 414 499 de
438 468 548 500 mundi
572 468 712 501 tenebris

220 514 293 546 Lux
317 522 412 545 verae
436 514 515 546 lucis
541 515 709 556 hospitam,

222 560 384 593 Martham
410 561 538 602 collegit
560 562 713 601 inclitam,

224 608 312 646 Quae
335 617 394 640 nos
418 611 491 648 post
514 609 617 641 earnis
642 610 774 641 limitem

223 655 276 687 Ad
301 664 390 686 suum
417 655 512 688 ducat
535 656 702 695 hospitem.

347 729 392 756 Ad
411 729 442 757 M
445 729 590 763 agnificat.

151 787 191 817 A.
223 786 311 817 Haec
328 788 377 817 est
393 786 512 819 Christi
527 785 632 818 fidelis
645 785 773 827 famula,

221 832 320 873 Apud
341 842 433 872 quam
450 832 602 865 Dominus
620 833 774 874 hospitari

222 879 333 912 Voluit
356 882 451 919 atque
475 880 597 912 servari

222 926 418 966 Saepiusque
442 928 598 966 recreari;

220 974 359 1013 Propter
382 973 465 1005 hanc
481 973 542 1005 sibi
563 975 774 1014 gratissimam

222 1019 344 1051 Lazaro
354 1020 451 1052 vitam
456 1020 601 1053 reddidit
608 1020 773 1062 defuncto3

222 1067 260 1099 In
286 1067 377 1099 huius
403 1066 547 1099 Christus
572 1069 736 1107 sepultura

225 1114 329 1154 VisuS,
353 1122 449 1154 quam
475 1117 558 1146 esset
581 1124 670 1158 pura,

224 1160 347 1199 Scripti
369 1161 559 1193 monstravit
582 1170 727 1195 censura.

222 1207 308 1248 Ergo
332 1207 365 1238 in
389 1207 516 1239 nomine

272 1254 322 1286 sui
347 1255 621 1295 commendatoria

222 1301 281 1339 Qui
306 1310 375 1332 eam
399 1302 564 1341 recollegit

269 1349 302 1380 in
329 1348 408 1379 caeli
434 1348 548 1388 choris,

224 1395 380 1427 Canamus
404 1395 538 1436 gloriam

268 1441 336 1481 tibi,
362 1441 507 1476 Domine.

283 1584 344 1616 Ad
369 1584 636 1616 Matutinum.

352 1659 568 1687 Invitatorium.

220 1715 383 1748 Laudibus
409 1719 441 1748 et
462 1717 594 1755 psalmis

270 1762 395 1795 Christo
420 1763 586 1797 iubilemus
610 1763 643 1794 in
669 1763 771 1803 almis,

218 1811 316 1850 Quem
341 1820 398 1843 sua
421 1810 551 1843 Martha
574 1810 628 1851 pio

264 1857 397 1897 suscipit
421 1858 567 1897 hospitio.

275 2001 380 2033 1111.
410 2001 640 2034 Nocturno.

353 2074 548 2111 Antiphonae.

159 2133 190 2167 1.
215 2133 282 2165 Iam
307 2133 410 2173 gloria
435 2135 466 2166 et
490 2133 609 2166 honore
784 2162 793 2171 ,

262 2181 422 2213 Martham
449 2189 597 2222 coronas,
622 2180 768 2221 Domine,

213 2228 312 2268 Quam
337 2228 466 2261 mortali
492 2229 609 2268 degens
633 2238 721 2261 more

261 2277 299 2309 In
322 2278 471 2317 suscepto
495 2276 621 2309 homine

213 2323 275 2356 Suo
300 2323 411 2357 laudas
436 2325 469 2356 in
492 2324 604 2357 labore

259 2370 425 2406 Geminato
450 2372 586 2404 nomine.

846 283 878 314 2.

832 982 870 1016 V.

844 1087 876 1118 2,

831 1706 871 1739 V.

842 2030 873 2062 1.

841 2230 873 2261 2.

904 281 1066 313 Laudibus
1091 284 1164 321 agat
1189 281 1306 313 debitis

947 327 1086 360 Mundus
1098 327 1246 359 Marthae
1258 328 1450 368 memoriam,

902 376 1075 407 Aeternam
1101 375 1186 406 euius
1211 374 1345 414 hospitis

949 421 1037 454 Caeli
1063 424 1213 453 enarrant
1234 421 1377 461 gloriam.

902 478 1059 510 Christum
1084 478 1173 517 pavit
1193 477 1330 508 sollicita

947 524 1037 561 Potu‚
1064 524 1143 557 cibis
1168 526 1200 554 et
1223 524 1368 564 panibus,

902 571 1022 603 Mundo
1048 572 1142 603 corde
1167 571 1353 609 praeinclita

946 618 1034 650 Haec
1056 619 1204 650 innocens
1230 621 1263 649 et
1286 617 1439 651 manibus

1037 692 1242 728 Responsoria„

869 774 876 783 .
902 750 1076 783 Benedicta

949 797 1126 836 susceptrix
1150 796 1316 828 salvatoris

901 842 992 875 Nunc
1016 843 1055 875 ab
1081 852 1117 875 eo
1141 847 1270 882 recepta

904 889 1052 921 Gaudens
1078 893 1126 921 est
1151 889 1317 920 coniuncta

902 935 1036 968 Summis
1064 937 1142 967 caeli
1169 935 1282 975 chori&

898 982 1027 1015 Martha
1043 982 1132 1022 felix,
1151 990 1231 1022 quae
1243 982 1331 1020 pavit
1342 982 1447 1013 Iesum

902 1029 990 1062 Dans
1009 1031 1152 1073 stratum,
1178 1031 1286 1067 potum
1304 1030 1335 1060 et
1351 1037 1447 1061 esum.

902 1085 1006 1118 Curae
1028 1086 1168 1118 serviens
1192 1083 1342 1125 hospitali

902 1132 996 1173 Virgo
1022 1133 1061 1164 de
1085 1133 1185 1172 stirpe
1208 1132 1318 1174 regali,

901 1179 1032 1212 Martha
1055 1180 1190 1218 nomine,

903 1226 1039 1268 Collegit
1062 1229 1104 1266 te,
1129 1225 1273 1259 Domine.

899 1274 1018 1314 Magna
1040 1274 1140 1306 virtus
1165 1271 1390 1312 hospitalitatis

950 1330 1019 1353 esse
1042 1320 1206 1360 probatur,

903 1367 980 1399 Cum
1006 1370 1037 1399 et
1060 1376 1119 1406 per
1143 1366 1231 1398 illam
1256 1364 1380 1405 saepius

947 1414 1101 1446 Dominus
1126 1413 1311 1452 excipiatur.

867 1495 875 1503 .
901 1469 1055 1502 Lazarum
1078 1470 1223 1509 hospitae

900 1518 1053 1550 Dominus
1078 1527 1153 1550 suae
1179 1518 1312 1550 devotae

901 1565 1092 1597 Germanum
1118 1564 1300 1597 defunctum

900 1613 1081 1645 Resuscitat
1102 1613 1167 1644 iam
1187 1612 1357 1653 sepultum,

900 1659 1087 1692 Foetentem
1112 1660 1365 1699 quatriduanum.

901 1706 1041 1739 Suscitet
1062 1716 1120 1739 nos
1144 1707 1298 1739 Dominus

946 1764 966 1786 a
989 1755 1114 1794 peceati
1138 1762 1216 1786 nece

900 1801 1036 1841 Propter
1060 1802 1150 1846 hano,
1179 1801 1266 1832 cuius
1290 1807 1396 1840 prece.

957 1897 1009 1929 In
1034 1898 1065 1929 2.
1092 1897 1320 1929 Nocturno.

1040 1972 1235 2008 Antiphonae.

898 2030 1068 2063 Eructavit
1091 2038 1147 2061 cor
1170 2028 1280 2060 sedule

901 2078 1057 2117 Querulae
1080 2077 1209 2109 verbum
1237 2074 1383 2115 famulae,

900 2125 990 2163 Quod
1016 2133 1106 2157 soror
1130 2131 1221 2165 opem
1245 2121 1393 2162 neglegit,

900 2171 981 2203 Dum
1006 2172 1085 2204 haec
1109 2170 1230 2202 servire
1254 2168 1380 2208 satagit.

899 2228 996 2268 Deus,
1021 2229 1130 2260 noster
1153 2225 1319 2267 refugium,

895 2276 999 2308 Huius
1024 2274 1093 2307 adit
1115 2274 1296 2315 hospitium,

897 2322 1043 2355 Docendi
1070 2322 1141 2354 dum
1168 2321 1331 2355 laboribus

894 2370 1049 2403 Lassatur
1073 2372 1106 2402 et
1128 2369 1306 2404 sudoribus.
