1655 2534
118 196 150 229 2.
177 196 317 229 Iubilent
340 197 457 229 siderei

226 244 294 276 Deo
319 246 352 275 et
374 245 506 283 superni

181 291 243 323 Pro
268 290 390 323 meritis
411 289 487 322 fidei

228 337 387 370 Praesulis
413 338 564 369 Materni.

123 394 154 426 3.
180 393 267 425 Deus
292 393 346 425 lux
372 392 543 425 viventium

231 440 363 471 Lumine
387 442 519 479 paterno

182 487 297 519 Sancto
324 487 408 518 vitae
432 487 580 527 gaudium

229 533 369 566 Contulit
391 533 548 567 Materno,

122 592 153 624 4.
179 589 377 622 Benedicant
401 590 505 621 omnia

227 637 344 676 Regem
373 636 611 677 sempiternum,

182 684 241 722 Qui
267 684 386 715 exaltat
411 684 513 723 gloria

230 731 357 763 Caelica
380 730 573 764 Maternum.

127 791 157 819 5.
183 787 365 820 Laudantes
389 791 421 818 te
441 787 564 827 gaudiis

228 834 324 868 Lucis
348 833 523 866 hodiernae

186 881 289 914 Caelis
314 881 374 913 Dei
397 879 471 913 filiis

232 929 330 968 Iunge
354 937 421 966 nos,
446 927 602 960 Materne.

301 1001 347 1030 Ad
367 1002 550 1029 Benedictus.

112 1062 151 1092 A.
184 1062 267 1093 Laus
294 1063 325 1091 et
349 1059 528 1091 benedictio

234 1107 303 1139 Deo
328 1106 380 1146 sit,
404 1106 564 1145 Materno,

865 199 960 232 Cuius
984 208 1040 231 nos
1066 200 1166 232 oratio

911 246 974 279 Die
995 246 1151 279 hodierno

862 292 1002 332 Ereptos
1027 292 1066 325 ab
1089 294 1187 332 impio

910 339 1012 371 Hoste
1037 342 1068 371 et
1091 342 1220 373 veterno

865 387 1003 418 Coronet
1025 387 1058 418 in
1083 387 1162 418 solio

910 433 1003 465 Pacis
1029 433 1231 473 sempiterno,

934 592 978 623 In
1005 594 1036 625 2.
1064 592 1279 632 Vesperis.

979 694 1025 721 Ad
1043 694 1222 731 Magnificat.

793 780 833 811 A.
866 778 970 819 Salve,
995 783 1088 819 pater
1113 779 1237 812 Galliae

911 826 1049 858 Caelitus
1074 830 1213 867 renatae,

863 874 942 912 Ave,
967 872 1025 904 flos
1047 872 1244 914 Germaniae,

909 918 1057 952 Pontifex
1081 920 1183 961 beate,

864 965 942 1005 Nos,
967 966 1124 1004 Materne,
1149 967 1246 998 hodie

910 1013 1015 1045 Dante
1039 1013 1183 1045 trinitate

867 1058 934 1092 Fac
958 1060 1091 1092 heredes
1116 1060 1235 1100 gloriae

915 1106 1000 1138 Vera
1025 1107 1180 1140 claritate.

193 1173 277 1200 Brev.
306 1179 359 1198 ms.
387 1171 560 1206 Tungrense
588 1178 664 1198 saec.
698 1168 742 1198 15,
783 1170 852 1198 Coa.
882 1171 990 1198 Semin.
1012 1171 1150 1199 Leodien.
1176 1170 1195 1199 6
1218 1172 1251 1199 Μ
1276 1169 1304 1200 2.
1325 1171 1359 1199 A.
1380 1186 1416 1191 -—

113 1210 233 1246 Antiph.
257 1218 310 1237 ms.
336 1209 506 1245 'fungi-ense
530 1207 580 1236 IV.
606 1216 681 1235 saeo-
704 1207 747 1235 15.
774 1209 806 1236 Β.
837 1223 870 1227 —
895 1209 978 1236 Brev.
1006 1217 1059 1236 ms.
1079 1209 1248 1245 Tangi-ense
1276 1217 1349 1237 saec.
1372 1208 1416 1237 15.

116 1248 185 1276 cod.
211 1246 426 1274 Dm-ms‘radien.
447 1244 514 1274 394.
546 1245 577 1273 O.
602 1260 640 1265 -—
663 1247 687 1273 B
712 1246 837 1281 beginnt
861 1248 893 1273 in
921 1245 945 1273 1.
970 1246 1060 1282 Vesp.
1081 1248 1135 1274 mit
1153 1247 1204 1274 der
1219 1245 1241 1272 Α
1261 1247 1298 1274 at'l
1317 1247 1416 1284 Magn.

115 1286 157 1312 Zn
178 1286 232 1313 den
252 1285 368 1312 Laudes
389 1284 440 1310 hat
462 1292 491 1311 es
512 1292 567 1311 nur
589 1282 603 1310 1
625 1281 647 1309 Α
670 1291 757 1319 super
769 1283 830 1317 Ps„
851 1284 979 1311 niimlieh
1001 1283 1048 1311 die
1067 1282 1107 1319 4.;
1130 1284 1176 1311 die
1192 1284 1300 1312 andern
1315 1285 1416 1312 stehen

116 1323 167 1351 ‹ler
186 1322 279 1350 Reihe
298 1321 373 1349 nach
395 1321 431 1349 ad
451 1329 556 1357 parvas
577 1321 672 1349 horas.
707 1321 734 1355 Α,
758 1319 772 1347 1
795 1320 845 1348 der
867 1319 891 1349 1.
912 1322 999 1356 Vesp.
1021 1321 1099 1349 steht
1118 1322 1161 1349 als
1176 1322 1416 1350 Commemoratio

115 1369 166 1395 per
185 1360 405 1387 hebdomadam.
445 1359 541 1386 Hiezu
560 1358 610 1386 der
633 1359 767 1394 Hymnus
787 1358 833 1385 Ad
853 1359 991 1386 honorem
1013 1359 1171 1386 conditoris
1190 1359 1284 1395 (Anal.
1305 1360 1416 1393 XXIII,

117 1396 191 1432 240).

555 1506 602 1539 22.
631 1506 673 1537 De
694 1506 801 1537 saneto
820 1504 976 1538 Mauritio.

246 1597 291 1629 In
320 1596 350 1629 1.
375 1594 595 1634 Vesperis.

324 1715 519 1753 Antiphonae.

129 1826 158 1857 1.
183 1824 365 1862 Martyrum
388 1821 553 1854 sollemnia

231 1869 401 1901 Celebrent
424 1868 537 1906 renati,

183 1918 344 1957 Martyres
368 1916 402 1948 in
427 1915 529 1956 gloria

230 1965 379 2005 Regnant
400 1962 582 2004 purpurati.

124 2072 156 2104 2.
181 2069 288 2102 Maior
314 2067 527 2107 compensatio

227 2115 355 2148 Meritis
380 2116 570 2154 sanctorum,

181 2165 266 2196 Dum
293 2163 385 2194 datur
409 2162 444 2194 in
466 2161 606 2201 praemio

228 2210 354 2243 Mansio
380 2209 549 2244 caelorum,

122 2319 153 2352 3.
180 2318 218 2350 In
242 2314 353 2348 mundi
377 2314 510 2346 tristitia

225 2362 390 2397 Modicum
413 2361 512 2396 artati

868 1594 904 1627 In
929 1595 1009 1626 caeli
1033 1595 1155 1627 laetitia

915 1641 1063 1674 Gaudent
1087 1642 1237 1675 coronati.

808 1699 840 1732 4.
864 1697 1049 1730 Electorum
1072 1698 1204 1738 spiritus

912 1745 1071 1785 Sanguine
1091 1745 1247 1785 probatur

864 1792 908 1825 Et
932 1794 1082 1833 exceptus
1108 1793 1238 1825 caelitus

913 1840 1039 1874 Christo
1064 1840 1214 1873 sociatur.

983 1923 1029 1952 Ad
1048 1923 1226 1961 Magnificat-

828 2009 834 2015 .
864 1983 944 2023 Ave,
969 1984 1092 2022 martyr
1115 1983 1264 2025 pretiose,

864 2031 935 2061 Ave
959 2030 1109 2069 princeps
1134 2029 1281 2070 gloriose,

863 2077 1012 2116 Legionis
1037 2084 1218 2118 generosae,

864 2125 889 2157 Ο
914 2123 1058 2162 Mauriti‚
1083 2125 1205 2161 martyr
1231 2122 1359 2163 Christi,

865 2170 947 2202 Fide
971 2170 1122 2202 mundum
1147 2171 1200 2209 qui
1224 2170 1327 2202 vicisti

864 2218 908 2249 Et
933 2226 1081 2249 eoronam
1104 2217 1258 2258 meruisti,

863 2264 930 2297 Fac
953 2273 1011 2297 nos
1036 2267 1140 2296 tecum
1164 2266 1327 2307 gratulari,

865 2312 997 2352 Legioni
1023 2312 1138 2344 sociari

865 2359 911 2392 Et
932 2360 968 2392 in
990 2359 1118 2392 Christo
1142 2362 1298 2395 coronari.
1346 2402 1349 2408 Ι
