1655 2534
744 121 1000 156 —208-

354 220 400 251 In
427 221 459 252 2.
486 218 713 250 Nocturna

437 310 630 346 Antiphonae.

241 376 270 409 1.
299 377 375 409 Cum
399 377 578 408 invocarem
604 383 699 415 super
722 382 773 405 me

341 423 453 454 Vultus
477 422 537 453 Dei
560 430 668 452 verum
692 421 806 455 lumen,

295 468 506 501 Transcendit
530 476 636 499 verum
653 470 729 497 111110
743 475 776 498 111
793 474 843 497 1110

342 515 476 555 Spiritus
501 514 629 546 Domini
653 522 775 544 numen.

235 571 267 602 2.
295 570 401 602 Verba
424 578 493 601 mea
515 574 590 601 tuno
613 568 750 607 percipit

341 617 426 648 Deus
451 616 483 646 in
508 615 630 646 excelso
657 614 751 654 caelo,

291 662 374 694 Dum
401 671 475 693 caro
500 664 632 692 mortem
658 660 798 700 suscipit,

337 709 427 740 Mors
450 706 572 740 afflicta
597 707 679 739 ensis
705 707 777 742 telo.

234 765 265 797 3.
292 763 435 803 Domine,
461 763 613 795 Dominus
637 765 754 803 noster,

340 810 550 843 Christianum
568 810 687 849 praebe
708 814 840 851 scutum,

294 858 352 896 Qui
379 866 411 888 es
437 859 639 889 conservator
664 859 780 898 noster,

338 904 430 936 Dona
455 912 582 943 regnum
609 904 687 934 caeli
712 905 824 935 tutum.

428 995 518 1029 Respc
526 996 632 1022 nsoria.

236 1062 266 1094 1.
294 1061 515 1100 Protomaityr
539 1061 663 1099 Iuliani,

293 1108 443 1140 Abdicati
469 1107 649 1146 Christiani,

292 1153 394 1186 Docet
418 1153 513 1185 fidem
538 1153 698 1194 Tiposani,

339 1201 397 1239 Qui
421 1201 540 1239 pendet,
562 1200 595 1231 in
621 1200 737 1232 eculeo.

221 1247 258 1279 V.
287 1247 451 1281 Vincimus
475 1247 614 1286 iniquum

341 1295 387 1325 sic
435 1297 577 1325 sanctum
628 1301 685 1332 per
736 1292 837 1325 Theo-

614 1340 764 1372 doricum.

237 1397 267 1429 2.
294 1397 371 1429 Octo
396 1397 512 1435 pedum
538 1396 621 1427 ultra
646 1396 729 1427 vires

291 1442 506 1474 Membrorum
531 1444 696 1472 traxerunt
720 1441 813 1484 vires,

292 1488 359 1520 Nec
383 1489 417 1519 in
441 1488 501 1519 1100
525 1488 642 1518 amittit
664 1488 759 1527 vires,

291 1534 373 1565 Nam
399 1534 540 1566 Christus
562 1532 714 1564 reformat
736 1531 836 1575 vir'es;

222 1581 260 1613 V.
294 1580 402 1611 Exora
423 1583 529 1610 sancte

340 1635 397 1665 pro
422 1625 541 1656 viribus
566 1634 583 1656 0
609 1625 812 1657 Theodorice.

236 1682 266 1713 3.
291 1681 412 1713 Poenas
437 1681 512 1711 hinc
535 1681 707 1719 reiteravit,

292 1728 391 1760 Ferro
417 1735 540 1758 carnem
566 1727 727 1766 laceravit,

292 1774 417 1805 Ardens
442 1774 562 1812 lampas
585 1775 796 1816 tormentavit,

292 1819 373 1851 Nam
398 1828 432 1851 se
456 1820 558 1859 signat
581 1819 667 1859 signo
694 1822 813 1864 crucis3

223 1866 258 1898 V.
289 1865 338 1898 De
361 1866 470 1905 poenis
494 1869 601 1897 sancto

338 1913 493 1944 salvemur
519 1921 587 1943 cum
612 1912 816 1947 Theodorico.

354 2054 399 2085 In
425 2053 456 2086 3.
482 2053 706 2084 Nocturno.

434 2145 627 2181 Antiphouae.

234 2211 263 2244 1.
291 2212 327 2243 111
351 2211 484 2243 Domino
511 2211 645 2243 confisus
670 2221 737 2242 sum

336 2258 385 2290 Ex
410 2262 476 2290 toto
502 2259 622 2291 Christi
645 2257 759 2301 fidelis,

290 2305 419 2344 Quando
443 2306 552 2344 poenis
578 2304 691 2337 affixus
717 2315 784 2337 sum

338 2352 529 2391 Reponendo
561 2361 650 2391 spem
675 2352 707 2383 in
732 2354 837 2388 caelis.

918 217 949 247 2.
975 215 1118 254 Domine,
1145 213 1214 252 quis
1240 213 1400 245 habitabit

1020 261 1097 293 Tuis
1120 261 1154 292 in
1182 259 1419 292 tabernaculis?

970 308 1013 346 15,
1041 308 1094 347 qui
1119 307 1214 339 terris
1239 307 1402 339 resonabit

1019 354 1220 386 Coruscando
1245 355 1418 387 miraculis.

914 431 945 462 3.
970 430 1114 469 Domine,
1141 429 1173 460 in
1198 429 1369 461 virtutibus

1017 476 1142 507 Divinis
1166 476 1446 515 triumphaveram,

970 522 1113 561 Propriis
1138 523 1262 560 quando
1289 523 1416 553 nutibus

1019 569 1198 601 Tormentis
1222 577 1273 600 me
1305 569 1522 602 submiseram.

1105 660 1310 695 Responsoria.

911 740 941 771 1.
966 737 1129 777 Tortores,
1156 738 1260 775 quiin
1286 737 1451 768 tormentis

969 784 1065 816 Hunc
1086 783 1233 815 viderunt
1249 787 1379 816 sanctae
1395 784 1519 824 mentis,

970 832 1007 863 In
1032 833 1118 861 sorte
1143 838 1312 862 conversae
1336 831 1438 870 gentis

1015 877 1258 909 Praedecedunt
1279 878 1311 908 in
1336 878 1472 918 gurgite,

899 924 936 955 V.
968 923 1093 956 Christo
1120 924 1263 955 conversi

1016 970 1062 1001 sic
1093 970 1187 1002 mersi
1212 970 1270 1002 sub
1295 969 1359 1002 fide
1386 970 1515 1002 Christi.

911 1047 942 1077 2.
969 1043 1180 1077 Praedicabat
1204 1045 1419 1084 imprecando,

969 1091 1067 1122 Immo
1093 1099 1198 1121 verum
1226 1092 1446 1130 prophetando

968 1137 1089 1168 Malum
1114 1135 1208 1168 finem
1234 1138 1317 1168 vitae
1342 1136 1440 1169 fando

1011 1183 1101 1215 Binis
1128 1183 1199 1214 istis
1225 1184 1400 1225 apostatis;

898 1231 937 1263 V.
968 1230 1129 1270 Imprecor
1153 1230 1238 1262 hunc
1261 1230 1367 1270 finem,

1016 1279 1143 1308 sanctus
1168 1277 1214 1308 ait
1235 1278 1461 1310 Theodoricus.

910 1354 943 1385 3.
971 1353 1012 1384 Se
1038 1352 1236 1390 conspiciens
1263 1352 1420 1384 devictum

970 1399 1095 1431 Occidit
1119 1406 1178 1437 per
1203 1399 1286 1430 ensis
1310 1399 1408 1430 ictum

969 1445 1121 1476 Sanctum
1149 1453 1261 1485 corpus
1286 1447 1518 1485 praeeonstric-

1291 1496 1358 1524 tum

1015 1537 1155 1568 Iulianus
1181 1539 1223 1569 ad
1246 1539 1409 1581 ultimum3

897 1584 935 1615 V.
965 1583 1026 1614 Est
1048 1587 1170 1622 martyr
1196 1585 1305 1624 victor,

1012 1630 1094 1661 male
1118 1630 1219 1662 vietus
1246 1635 1315 1663 erat,
1338 1632 1386 1663 ibi
1403 1635 1515 1667 tortor.

1054 1770 1097 1801 In
1123 1770 1352 1805 Laudibus.

1107 1852 1302 1889 Antiphonae.

908 1927 938 1959 1.
965 1927 1091 1959 Laudes
1117 1929 1225 1962 demus
1250 1932 1323 1963 Iesu
1349 1931 1483 1974 Christo,

963 1973 1044 2005 Nam
1070 1976 1190 2007 caelum
1215 1987 1273 2017 pro
1298 1981 1408 2009 sancto
1432 1977 1495 2011 isto

1007 2021 1139 2053 Paravit,
1161 2023 1340 2055 Antiochia.

906 2095 937 2125 2.
963 2094 1099 2126 Iubilum
1125 2096 1181 2128 dat
1204 2100 1304 2131 omnis
1330 2101 1427 2142 orbis,

970 2140 1052 2172 Nam
1078 2141 1125 2173 bis
1149 2146 1315 2178 mundavit
1338 2157 1358 2179 a
1381 2150 1499 2182 morbis

1016 2188 1114 2226 Quam
1139 2191 1246 2229 plures
1270 2194 1302 2225 in
1328 2195 1455 2230 Usecia.

909 2264 939 2295 3.
965 2262 1051 2294 Deus
1075 2264 1108 2295 in
1133 2265 1193 2297 isto
1218 2268 1367 2302 landatur

966 2309 1010 2341 Et
1033 2310 1102 2342 laus
1127 2312 1193 2343 eius
1219 2315 1416 2355 adprobatur

1015 2357 1076 2388 Per
1098 2357 1208 2392 fideles
1233 2363 1266 2394 in
1292 2363 1436 2400 Graecia.
