1655 2534
652 112 884 148 —35-

134 204 166 235 3.
191 202 279 235 Ecce
301 212 392 237 soror
416 204 541 246 Lazari,

237 250 292 289 pia
304 259 396 291 nunc,
415 252 471 284 sed
486 254 561 285 tunc
573 254 740 297 scelerosa,

195 298 315 330 Attulit
337 300 488 338 unguenti

238 344 371 383 pretiosi
395 346 520 385 pondus
545 347 663 382 odoris.

306 416 326 438 *
536 418 557 440 ss

419 443 439 464 >fe

132 500 163 532 4.
191 499 360 539 Postquam
385 502 541 534 caelorum

239 546 381 579 dominus
396 548 619 581 conscenditin
632 549 739 590 altum,

189 593 292 626 Huius
316 594 400 626 iusta
424 594 486 628 fuit

234 643 283 672 ter
308 642 405 674 denos
429 642 496 674 vita
519 651 578 682 per
602 650 711 676 annos,

133 707 164 739 5.
191 707 297 746 Atque
321 708 532 747 redemptoris

234 755 322 786 tanto
346 752 494 793 flagravit
519 756 643 794 ardore,

189 800 280 838 Quod
304 800 405 832 voluit
428 801 489 832 soli

233 847 301 878 sola
327 855 440 880 vacare
464 848 542 882 Deo.

128 913 160 944 6.
187 913 357 944 Terrarum
381 916 504 945 secreta
528 914 619 956 petit,

235 968 295 998 quo
319 968 410 991 nemo
433 961 484 992 vel
508 960 653 992 haustum

190 1006 247 1038 Vel
272 1007 373 1038 valuit
398 1006 523 1039 deferre
549 1007 650 1039 eibum

231 1053 282 1084 vel
308 1052 407 1086 verba
430 1053 561 1087 referre.

128 1119 159 1152 7.
186 1118 350 1151 Laudibus
376 1119 537 1160 angelicis,

232 1165 344 1205 quibus
369 1166 469 1198 instat
487 1165 615 1206 iugiter,
641 1167 705 1198 alte

183 1213 252 1245 Ista
276 1211 442 1245 fruebatur

231 1259 376 1292 manibus
402 1260 536 1292 advecta
561 1260 718 1300 supernis.

299 1331 318 1352 ’κ
428 1357 433 1364 v
534 1331 555 1353 »ιε

420 1362 440 1377 ³1<

127 1416 159 1448 8.
187 1414 331 1447 Gaudeat
356 1414 456 1447 omnis
476 1415 568 1447 homo

229 1461 341 1494 laudes
365 1460 508 1494 referens
533 1462 679 1501 creatori,

181 1509 227 1540 Et
249 1508 335 1540 vitae
359 1509 481 1542 meritis

230 1559 358 1588 resonet
379 1556 551 1595 praeconia
571 1557 685 1597 laudis,

800 210 837 243 V.
868 210 926 249 Qui
949 211 1069 250 pietate
1093 220 1150 245 sua

917 257 1060 290 contritis
1087 259 1181 290 corde
1205 261 1360 293 medetur.

982 314 1002 332 ὅ
1097 336 1118 358 >k
1213 312 1234 334 >k

813 371 843 402 9.
869 369 1046 407 Quamlibet
1071 370 1170 402 omnis
1195 371 1287 405 homo

915 417 1079 457 culparum
1108 417 1192 449 mole
1215 422 1373 460 gravetur,

867 462 928 495 Est
949 466 1054 495 tamen
1077 465 1119 497 ad
1144 465 1268 497 veniam

912 518 1063 548 praesens
1079 519 1151 550 spes
1164 511 1274 545 inclita
1288 513 1417 553 Christi,

868 555 902 588 Si
926 559 1031 589 tamen
1056 558 1226 590 admissum

915 602 1037 636 facinus
1060 607 1209 644 peccator
1234 606 1384 638 abhorret

862 649 906 682 Et
931 651 1059 683 damnat
1082 650 1160 684 facti

914 698 1007 730 noxia
1028 707 1168 739 quaeque
1193 699 1251 733 sui.

809 753 863 786 10.
891 753 965 791 Quis
991 755 1183 795 Magdalena

935 802 1119 833 sceleratior
1143 810 1213 834 esse
1236 802 1341 834 Maria

890 846 997 884 Quivit
1020 848 1061 879 ad
1087 857 1178 880 omne
1202 849 1329 891 malum,

935 902 1016 932 quae
1037 895 1162 926 nomine
1186 895 1282 933 plena
1308 898 1414 928 reatus

891 940 1057 971 Peccatrix
1077 943 1190 973 vocata
1213 940 1276 972 fuit

935 987 1025 1026 quasi
1048 988 1176 1019 nomine
1197 987 1332 1027 culpae?

889 1032 964 1065 Cum
991 1036 1095 1066 tamen
1118 1035 1188 1074 ipsa
1212 1034 1314 1066 Deum

934 1080 1074 1112 lacrimis
1100 1081 1267 1113 commovit
1283 1080 1413 1122 obortis,

889 1126 945 1159 Sui
970 1127 1094 1159 conscia
1117 1130 1224 1160 reatus

933 1174 1048 1206 meruit
1070 1175 1250 1214 precamine
1273 1174 1363 1207 solvi.

809 1229 863 1262 11.
891 1230 915 1262 Ο
940 1231 1042 1269 pietas
1066 1229 1204 1270 Domini,

935 1277 1054 1309 cunct-is
1082 1279 1214 1316 peccata
1236 1277 1412 1317 remittens,

889 1324 950 1362 Qui
973 1323 1128 1356 scelerum
1152 1324 1277 1356 veniam

936 1370 1070 1402 contrito
1096 1370 1192 1402 corde
1215 1372 1373 1410 meretur3

887 1417 969 1450 Nam
990 1417 1149 1449 scelerosa
1171 1415 1233 1449 fuit

933 1464 1049 1496 Lazari
1064 1473 1165 1502 soror,
1182 1472 1265 1507 ecce,
1289 1464 1406 1507 Maria,

887 1510 950 1542 Sed
974 1512 1049 1551 quia
1070 1510 1237 1552 paenituit,

932 1557 1049 1590 meruit
1072 1558 1126 1597 pia
1150 1557 1234 1590 dona
1258 1558 1380 1591 salutis.

187 1620 258 1649 eod.
279 1622 414 1649 Vatican.
435 1619 492 1650 393
513 1621 578 1649 add.
599 1631 674 1650 saec.
696 1621 741 1650 11.
762 1637 797 1643 —
818 1622 1083 1659 Augenscheinlieh
1104 1623 1151 1651 die
1163 1623 1316 1652 Triimmer
1336 1625 1416 1651 eines

110 1658 190 1686 alten
211 1658 370 1688 Officiums,
389 1673 428 1678 —
446 1658 489 1693 10,
510 1657 528 1687 9
547 1661 723 1696 verdorben3
745 1661 813 1689 lies:
835 1661 963 1688 Conscia
981 1662 1113 1697 peccati?

513 1749 556 1782 10.
586 1751 629 1783 De
649 1759 673 1782 s.
695 1750 795 1783 Maria
817 1751 1013 1793 Magdalena.

246 1820 293 1851 In
320 1820 351 1853 1.
378 1819 597 1861 Vesperis.

325 1885 522 1921 Antiphonae.

121 1935 152 1968 1.
178 1936 306 1968 Aurora
330 1936 404 1968 Iesu
427 1935 571 1979 rutilans,

227 1982 381 2015 Nesciens
406 1991 563 2023 occasum,

184 2031 322 2063 Nostrae
343 2030 459 2062 mentis
483 2030 632 2063 tenebras

230 2077 362 2111 illustra
386 2077 581 2117 septiformis

178 2126 240 2158 Tui
264 2125 398 2165 spiritus

229 2172 455 2207 sanctimonia.

119 2231 151 2264 2,
177 2230 264 2263 Rosa
288 2228 415 2272 fulgens
440 2229 608 2270 virginum,

178 2277 267 2312 Audi
290 2285 405 2318 preces
431 2277 611 2317 supplicum

177 2325 223 2357 Et
245 2325 372 2357 Mariae
396 2325 518 2356 meritis

180 2372 247 2406 Nos
273 2373 429 2413 coniunge
455 2371 592 2408 caelicis

804 1822 836 1855 3.
867 1822 914 1854 Te
935 1822 1102 1854 laudamus
1127 1823 1194 1855 toto
1222 1821 1330 1862 corde,

862 1869 974 1901 Mente
995 1878 1088 1910 pura,
1114 1869 1232 1901 munda.
1256 1877 1344 1911 voce,

864 1916 923 1956 Qui
948 1916 1038 1958 eligis
1066 1916 1194 1957 debilia,

862 1964 909 1997 Ut
934 1963 1108 1996 confundas
1133 1963 1239 1996 fortia.

804 2030 837 2062 4.
864 2029 919 2062 Sic
941 2029 1079 2061 Mariam
1106 2030 1179 2061 dum
1204 2029 1336 2069 vocasti,

865 2076 1007 2110 Caritate
1029 2076 1214 2118 vulnerasti,

863 2124 950 2156 Fons
975 2122 1225 2162 misericordiae,

865 2171 931 2202 Nos
957 2179 1080 2211 quoque
1104 2171 1194 2203 salva
1217 2170 1321 2203 hodie.

984 2254 1029 2282 Ad
1047 2253 1228 2290 Magnificat.

794 2322 835 2357 A.
867 2322 1058 2355 suavissime
1081 2321 1301 2356 universorum

864 2369 1010 2411 Domine,
1035 2372 1240 2409 peccatorum

1208 2424 1226 2454 3
1233 2424 1249 2440 *
