<?xml version="1.0" encoding="UTF-8"?>
<!DOCTYPE html PUBLIC "-//W3C//DTD XHTML 1.0 Transitional//EN"
    "http://www.w3.org/TR/xhtml1/DTD/xhtml1-transitional.dtd">
<html xmlns="http://www.w3.org/1999/xhtml" xml:lang="en" lang="en">
 <head>
  <title>
</title>
<meta http-equiv="Content-Type" content="text/html;charset=utf-8" />
  <meta name='ocr-system' content='tesseract 3.04.00' />
  <meta name='ocr-capabilities' content='ocr_page ocr_carea ocr_par ocr_line ocrx_word'/>
</head>
<body>
  <div class='ocr_page' id='page_1' title='image "./analectahymnica28drevuoft_00222.png"; bbox 0 0 1655 2534; ppageno 0'>
   <div class='ocr_carea' id='block_1_1' title="bbox 681 86 942 121">
    <p class='ocr_par' dir='ltr' id='par_1_1' title="bbox 681 86 942 121">
     <span class='ocr_line' id='line_1_1' title="bbox 681 86 942 121; baseline 0 0"><span class='ocrx_word' id='word_1_1' title='bbox 681 86 942 121; x_wconf 82' lang='lat'>—219—</span> 
     </span>
    </p>
   </div>
   <div class='ocr_carea' id='block_1_2' title="bbox 160 180 612 225">
    <p class='ocr_par' dir='ltr' id='par_1_2' title="bbox 160 180 612 225">
     <span class='ocr_line' id='line_1_2' title="bbox 160 180 612 225; baseline -0.004 -10"><span class='ocrx_word' id='word_1_2' title='bbox 160 183 191 217; x_wconf 84' lang='lat'>2.</span> <span class='ocrx_word' id='word_1_3' title='bbox 221 181 425 222; x_wconf 73' lang='lat' dir='ltr'>Captivorum</span> <span class='ocrx_word' id='word_1_4' title='bbox 450 180 612 225; x_wconf 80' lang='lat' dir='ltr'>liberator⁷</span> 
     </span>
    </p>
   </div>
   <div class='ocr_carea' id='block_1_3' title="bbox 219 229 769 363">
    <p class='ocr_par' dir='ltr' id='par_1_3' title="bbox 219 229 769 363">
     <span class='ocr_line' id='line_1_3' title="bbox 266 229 721 271; baseline -0.002 -9"><span class='ocrx_word' id='word_1_5' title='bbox 266 230 382 262; x_wconf 82' lang='lat' dir='ltr'>Sancte</span> <span class='ocrx_word' id='word_1_6' title='bbox 405 229 535 271; x_wconf 88' lang='lat' dir='ltr'>Thoma,</span> <span class='ocrx_word' id='word_1_7' title='bbox 564 230 721 270; x_wconf 73' lang='lat' dir='ltr'><strong>exstitisti,</strong></span> 
     </span>
     <span class='ocr_line' id='line_1_4' title="bbox 219 274 648 317; baseline -0.002 -8"><span class='ocrx_word' id='word_1_8' title='bbox 219 277 423 310; x_wconf 89' lang='lat' dir='ltr'>Perditorum</span> <span class='ocrx_word' id='word_1_9' title='bbox 447 274 648 317; x_wconf 85' lang='lat' dir='ltr'>reformator,</span> 
     </span>
     <span class='ocr_line' id='line_1_5' title="bbox 263 322 769 363; baseline 0.004 -9"><span class='ocrx_word' id='word_1_10' title='bbox 263 322 769 363; x_wconf 83' lang='lat' dir='ltr'>PrudenspastorgregisChristi.</span> 
     </span>
    </p>
   </div>
   <div class='ocr_carea' id='block_1_4' title="bbox 189 408 729 590">
    <p class='ocr_par' dir='ltr' id='par_1_4' title="bbox 189 408 643 498">
     <span class='ocr_line' id='line_1_6' title="bbox 189 408 643 447; baseline -0.002 -6"><span class='ocrx_word' id='word_1_11' title='bbox 189 435 196 442; x_wconf 96' lang='lat'>.</span> <span class='ocrx_word' id='word_1_12' title='bbox 224 408 337 440; x_wconf 88' lang='lat' dir='ltr'>Semen</span> <span class='ocrx_word' id='word_1_13' title='bbox 361 408 446 440; x_wconf 88' lang='lat' dir='ltr'>vitae</span> <span class='ocrx_word' id='word_1_14' title='bbox 471 408 643 447; x_wconf 76' lang='lat' dir='ltr'><strong>seminasti,</strong></span> 
     </span>
     <span class='ocr_line' id='line_1_7' title="bbox 271 455 636 498; baseline -0.003 -11"><span class='ocrx_word' id='word_1_15' title='bbox 271 456 479 487; x_wconf 82' lang='lat' dir='ltr'>Praedicator</span> <span class='ocrx_word' id='word_1_16' title='bbox 504 455 636 498; x_wconf 78' lang='lat' dir='ltr'>egregie,</span> 
     </span>
    </p>

    <p class='ocr_par' dir='ltr' id='par_1_5' title="bbox 221 503 729 590">
     <span class='ocr_line' id='line_1_8' title="bbox 221 503 729 541; baseline -0.002 -7"><span class='ocrx_word' id='word_1_17' title='bbox 221 503 375 535; x_wconf 77' lang='lat' dir='ltr'>Fructum</span> <span class='ocrx_word' id='word_1_18' title='bbox 399 503 532 534; x_wconf 88' lang='lat' dir='ltr'>multum</span> <span class='ocrx_word' id='word_1_19' title='bbox 557 503 729 541; x_wconf 82' lang='lat' dir='ltr'>reportasti</span> 
     </span>
     <span class='ocr_line' id='line_1_9' title="bbox 267 549 722 590; baseline -0.002 -8"><span class='ocrx_word' id='word_1_20' title='bbox 267 551 306 582; x_wconf 91' lang='lat' dir='ltr'>In</span> <span class='ocrx_word' id='word_1_21' title='bbox 331 559 462 590; x_wconf 87' lang='lat' dir='ltr'>regnum</span> <span class='ocrx_word' id='word_1_22' title='bbox 486 550 569 589; x_wconf 82' lang='lat' dir='ltr'>regis</span> <span class='ocrx_word' id='word_1_23' title='bbox 594 549 722 588; x_wconf 86' lang='lat' dir='ltr'>gloriae.</span> 
     </span>
    </p>
   </div>
   <div class='ocr_carea' id='block_1_5' title="bbox 357 652 564 687">
    <p class='ocr_par' dir='ltr' id='par_1_6' title="bbox 357 652 564 687">
     <span class='ocr_line' id='line_1_10' title="bbox 357 652 564 687; baseline -0.005 -8"><span class='ocrx_word' id='word_1_24' title='bbox 357 652 564 687; x_wconf 84' lang='lat' dir='ltr'>Responsoria.</span> 
     </span>
    </p>
   </div>
   <div class='ocr_carea' id='block_1_6' title="bbox 186 726 771 909">
    <p class='ocr_par' dir='ltr' id='par_1_7' title="bbox 186 726 665 768">
     <span class='ocr_line' id='line_1_11' title="bbox 186 726 665 768; baseline -0.002 -8"><span class='ocrx_word' id='word_1_25' title='bbox 186 753 193 759; x_wconf 91' lang='lat'>.</span> <span class='ocrx_word' id='word_1_26' title='bbox 220 729 393 768; x_wconf 85' lang='lat' dir='ltr'>Apostolus</span> <span class='ocrx_word' id='word_1_27' title='bbox 417 727 458 759; x_wconf 87' lang='lat' dir='ltr'>ab</span> <span class='ocrx_word' id='word_1_28' title='bbox 483 726 665 759; x_wconf 88' lang='lat' dir='ltr'>infidelibus</span> 
     </span>
    </p>

    <p class='ocr_par' dir='ltr' id='par_1_8' title="bbox 221 775 771 909">
     <span class='ocr_line' id='line_1_12' title="bbox 223 775 771 815; baseline -0.002 -7"><span class='ocrx_word' id='word_1_29' title='bbox 223 775 370 808; x_wconf 86' lang='lat' dir='ltr'>Carceris</span> <span class='ocrx_word' id='word_1_30' title='bbox 392 775 527 807; x_wconf 89' lang='lat' dir='ltr'>vinculis</span> <span class='ocrx_word' id='word_1_31' title='bbox 547 775 771 815; x_wconf 86' lang='lat' dir='ltr'>constringitur</span> 
     </span>
     <span class='ocr_line' id='line_1_13' title="bbox 221 821 770 862; baseline -0.002 -8"><span class='ocrx_word' id='word_1_32' title='bbox 221 823 328 862; x_wconf 86' lang='lat' dir='ltr'>Atque</span> <span class='ocrx_word' id='word_1_33' title='bbox 358 830 453 861; x_wconf 87' lang='lat' dir='ltr'>super</span> <span class='ocrx_word' id='word_1_34' title='bbox 477 821 611 852; x_wconf 88' lang='lat' dir='ltr'>laminas</span> <span class='ocrx_word' id='word_1_35' title='bbox 635 822 770 861; x_wconf 90' lang='lat' dir='ltr'>pedibus</span> 
     </span>
     <span class='ocr_line' id='line_1_14' title="bbox 221 869 769 909; baseline 0 -9"><span class='ocrx_word' id='word_1_36' title='bbox 221 869 326 901; x_wconf 84' lang='lat' dir='ltr'>Nudis</span> <span class='ocrx_word' id='word_1_37' title='bbox 351 869 501 900; x_wconf 83' lang='lat' dir='ltr'>ardentes</span> <span class='ocrx_word' id='word_1_38' title='bbox 526 870 612 899; x_wconf 85' lang='lat' dir='ltr'>stare</span> <span class='ocrx_word' id='word_1_39' title='bbox 637 869 769 909; x_wconf 87' lang='lat' dir='ltr'>cogitur,</span> 
     </span>
    </p>
   </div>
   <div class='ocr_carea' id='block_1_7' title="bbox 181 914 443 948">
    <p class='ocr_par' dir='ltr' id='par_1_9' title="bbox 181 914 443 948">
     <span class='ocr_line' id='line_1_15' title="bbox 181 914 443 948; baseline -0.008 0"><span class='ocrx_word' id='word_1_40' title='bbox 181 942 187 948; x_wconf 96' lang='lat'>.</span> <span class='ocrx_word' id='word_1_41' title='bbox 218 916 257 948; x_wconf 82' lang='lat' dir='ltr'>ln</span> <span class='ocrx_word' id='word_1_42' title='bbox 282 914 443 947; x_wconf 84' lang='lat' dir='ltr'>fornacem</span> 
     </span>
    </p>
   </div>
   <div class='ocr_carea' id='block_1_8' title="bbox 220 961 611 1095">
    <p class='ocr_par' dir='ltr' id='par_1_10' title="bbox 220 961 611 1095">
     <span class='ocr_line' id='line_1_16' title="bbox 266 961 611 1002; baseline -0.006 -8"><span class='ocrx_word' id='word_1_43' title='bbox 266 961 442 994; x_wconf 88' lang='lat' dir='ltr'>flammeam</span> <span class='ocrx_word' id='word_1_44' title='bbox 465 961 611 1002; x_wconf 84' lang='lat' dir='ltr'>mittitur,</span> 
     </span>
     <span class='ocr_line' id='line_1_17' title="bbox 220 1009 551 1049; baseline -0.009 -7"><span class='ocrx_word' id='word_1_45' title='bbox 220 1010 283 1042; x_wconf 86' lang='lat' dir='ltr'>Sed</span> <span class='ocrx_word' id='word_1_46' title='bbox 309 1018 367 1049; x_wconf 91' lang='lat' dir='ltr'>per</span> <span class='ocrx_word' id='word_1_47' title='bbox 391 1009 551 1041; x_wconf 85' lang='lat' dir='ltr'>Christum</span> 
     </span>
     <span class='ocr_line' id='line_1_18' title="bbox 267 1055 594 1095; baseline 0 -7"><span class='ocrx_word' id='word_1_48' title='bbox 267 1057 396 1088; x_wconf 91' lang='lat' dir='ltr'>illaesus</span> <span class='ocrx_word' id='word_1_49' title='bbox 422 1055 594 1095; x_wconf 86' lang='lat' dir='ltr'>egreditur.</span> 
     </span>
    </p>
   </div>
   <div class='ocr_carea' id='block_1_9' title="bbox 179 1140 723 1653">
    <p class='ocr_par' dir='ltr' id='par_1_11' title="bbox 185 1140 723 1228">
     <span class='ocr_line' id='line_1_19' title="bbox 185 1140 723 1181; baseline -0.004 -6"><span class='ocrx_word' id='word_1_50' title='bbox 185 1167 192 1174; x_wconf 93' lang='lat'>.</span> <span class='ocrx_word' id='word_1_51' title='bbox 219 1142 389 1181; x_wconf 86' lang='lat' dir='ltr'>Postquam</span> <span class='ocrx_word' id='word_1_52' title='bbox 416 1140 581 1172; x_wconf 86' lang='lat' dir='ltr'>clementia</span> <span class='ocrx_word' id='word_1_53' title='bbox 607 1142 723 1180; x_wconf 82' lang='lat' dir='ltr'>divina,</span> 
     </span>
     <span class='ocr_line' id='line_1_20' title="bbox 219 1188 485 1228; baseline -0.008 -7"><span class='ocrx_word' id='word_1_54' title='bbox 219 1189 284 1221; x_wconf 90' lang='lat' dir='ltr'>Per</span> <span class='ocrx_word' id='word_1_55' title='bbox 308 1188 485 1228; x_wconf 88' lang='lat' dir='ltr'>apostolum</span> 
     </span>
    </p>

    <p class='ocr_par' dir='ltr' id='par_1_12' title="bbox 219 1233 666 1369">
     <span class='ocr_line' id='line_1_21' title="bbox 268 1233 588 1274; baseline -0.006 -7"><span class='ocrx_word' id='word_1_56' title='bbox 268 1236 368 1267; x_wconf 90' lang='lat' dir='ltr'>multa</span> <span class='ocrx_word' id='word_1_57' title='bbox 397 1235 487 1274; x_wconf 83' lang='lat' dir='ltr'>signa</span> <span class='ocrx_word' id='word_1_58' title='bbox 512 1233 588 1265; x_wconf 90' lang='lat' dir='ltr'>fecit</span> 
     </span>
     <span class='ocr_line' id='line_1_22' title="bbox 220 1282 666 1315; baseline -0.002 0"><span class='ocrx_word' id='word_1_59' title='bbox 220 1282 340 1315; x_wconf 81' lang='lat' dir='ltr'>Civitas</span> <span class='ocrx_word' id='word_1_60' title='bbox 364 1282 477 1314; x_wconf 81' lang='lat' dir='ltr'>Indiae</span> <span class='ocrx_word' id='word_1_61' title='bbox 503 1282 666 1315; x_wconf 82' lang='lat' dir='ltr'>Calamina</span> 
     </span>
     <span class='ocr_line' id='line_1_23' title="bbox 219 1330 519 1369; baseline -0.007 -7"><span class='ocrx_word' id='word_1_62' title='bbox 219 1331 258 1362; x_wconf 92' lang='lat' dir='ltr'>In</span> <span class='ocrx_word' id='word_1_63' title='bbox 282 1330 388 1369; x_wconf 88' lang='lat' dir='ltr'>ipsum</span> <span class='ocrx_word' id='word_1_64' title='bbox 413 1332 519 1360; x_wconf 91' lang='lat' dir='ltr'>truces</span> 
     </span>
    </p>

    <p class='ocr_par' dir='ltr' id='par_1_13' title="bbox 179 1376 707 1510">
     <span class='ocr_line' id='line_1_24' title="bbox 266 1376 512 1408; baseline 0 0"><span class='ocrx_word' id='word_1_65' title='bbox 266 1386 378 1408; x_wconf 90' lang='lat' dir='ltr'>manus</span> <span class='ocrx_word' id='word_1_66' title='bbox 402 1376 512 1408; x_wconf 86' lang='lat' dir='ltr'>iniecit</span> 
     </span>
     <span class='ocr_line' id='line_1_25' title="bbox 218 1421 707 1456; baseline -0.002 0"><span class='ocrx_word' id='word_1_67' title='bbox 218 1424 263 1456; x_wconf 89' lang='lat' dir='ltr'>Et</span> <span class='ocrx_word' id='word_1_68' title='bbox 288 1424 366 1456; x_wconf 88' lang='lat' dir='ltr'>diris</span> <span class='ocrx_word' id='word_1_69' title='bbox 391 1423 510 1456; x_wconf 85' lang='lat' dir='ltr'>lanceis</span> <span class='ocrx_word' id='word_1_70' title='bbox 535 1421 707 1456; x_wconf 84' lang='lat' dir='ltr'>interfecit.</span> 
     </span>
     <span class='ocr_line' id='line_1_26' title="bbox 179 1470 550 1510; baseline -0.008 -6"><span class='ocrx_word' id='word_1_71' title='bbox 179 1498 186 1504; x_wconf 96' lang='lat'>.</span> <span class='ocrx_word' id='word_1_72' title='bbox 217 1472 355 1510; x_wconf 86' lang='lat' dir='ltr'>Propter</span> <span class='ocrx_word' id='word_1_73' title='bbox 381 1470 550 1510; x_wconf 87' lang='lat' dir='ltr'>Christum,</span> 
     </span>
    </p>

    <p class='ocr_par' dir='ltr' id='par_1_14' title="bbox 217 1516 593 1598">
     <span class='ocr_line' id='line_1_27' title="bbox 268 1516 593 1558; baseline -0.003 -9"><span class='ocrx_word' id='word_1_74' title='bbox 268 1527 360 1558; x_wconf 91' lang='lat' dir='ltr'>quem</span> <span class='ocrx_word' id='word_1_75' title='bbox 385 1516 593 1557; x_wconf 87' lang='lat' dir='ltr'>praedicavit,</span> 
     </span>
     <span class='ocr_line' id='line_1_28' title="bbox 217 1565 447 1598; baseline -0.009 0"><span class='ocrx_word' id='word_1_76' title='bbox 217 1567 262 1598; x_wconf 87' lang='lat' dir='ltr'>Et</span> <span class='ocrx_word' id='word_1_77' title='bbox 285 1565 447 1596; x_wconf 80' lang='lat' dir='ltr'>miraculis</span> 
     </span>
    </p>

    <p class='ocr_par' dir='ltr' id='par_1_15' title="bbox 267 1612 556 1653">
     <span class='ocr_line' id='line_1_29' title="bbox 267 1612 556 1653; baseline -0.003 -9"><span class='ocrx_word' id='word_1_78' title='bbox 267 1613 341 1653; x_wconf 88' lang='lat' dir='ltr'>quia</span> <span class='ocrx_word' id='word_1_79' title='bbox 366 1612 556 1644; x_wconf 84' lang='lat' dir='ltr'>coruscavit.</span> 
     </span>
    </p>
   </div>
   <div class='ocr_carea' id='block_1_10' title="bbox 189 1697 724 1975">
    <p class='ocr_par' dir='ltr' id='par_1_16' title="bbox 189 1697 673 1778">
     <span class='ocr_line' id='line_1_30' title="bbox 189 1697 673 1741; baseline -0.006 -8"><span class='ocrx_word' id='word_1_80' title='bbox 189 1727 196 1733; x_wconf 94' lang='lat'>.</span> <span class='ocrx_word' id='word_1_81' title='bbox 222 1699 248 1731; x_wconf 93' lang='grc' dir='ltr'>Ο</span> <span class='ocrx_word' id='word_1_82' title='bbox 273 1697 351 1730; x_wconf 83' lang='lat' dir='ltr'>felix</span> <span class='ocrx_word' id='word_1_83' title='bbox 376 1698 498 1730; x_wconf 89' lang='lat' dir='ltr'>Thoma</span> <span class='ocrx_word' id='word_1_84' title='bbox 522 1699 673 1741; x_wconf 85' lang='lat' dir='ltr'>apostole,</span> 
     </span>
     <span class='ocr_line' id='line_1_31' title="bbox 218 1745 477 1778; baseline -0.008 0"><span class='ocrx_word' id='word_1_85' title='bbox 218 1746 342 1778; x_wconf 90' lang='lat' dir='ltr'>Lumen</span> <span class='ocrx_word' id='word_1_86' title='bbox 365 1745 477 1777; x_wconf 90' lang='lat' dir='ltr'>mundi</span> 
     </span>
    </p>

    <p class='ocr_par' dir='ltr' id='par_1_17' title="bbox 218 1792 724 1920">
     <span class='ocr_line' id='line_1_32' title="bbox 267 1792 568 1832; baseline -0.003 -8"><span class='ocrx_word' id='word_1_87' title='bbox 267 1795 299 1824; x_wconf 93' lang='lat' dir='ltr'>et</span> <span class='ocrx_word' id='word_1_88' title='bbox 321 1793 419 1824; x_wconf 84' lang='lat' dir='ltr'>iudex</span> <span class='ocrx_word' id='word_1_89' title='bbox 441 1792 568 1832; x_wconf 88' lang='lat' dir='ltr'>saeculi,</span> 
     </span>
     <span class='ocr_line' id='line_1_33' title="bbox 219 1839 724 1873; baseline -0.004 0"><span class='ocrx_word' id='word_1_90' title='bbox 219 1842 250 1873; x_wconf 89' lang='lat' dir='ltr'>A</span> <span class='ocrx_word' id='word_1_91' title='bbox 277 1840 465 1872; x_wconf 90' lang='lat' dir='ltr'>delictorum</span> <span class='ocrx_word' id='word_1_92' title='bbox 487 1839 618 1871; x_wconf 85' lang='lat' dir='ltr'>absolve</span> <span class='ocrx_word' id='word_1_93' title='bbox 641 1840 724 1872; x_wconf 91' lang='lat' dir='ltr'>mole</span> 
     </span>
     <span class='ocr_line' id='line_1_34' title="bbox 218 1888 408 1920; baseline -0.005 0"><span class='ocrx_word' id='word_1_94' title='bbox 218 1888 351 1920; x_wconf 85' lang='lat' dir='ltr'>Animas</span> <span class='ocrx_word' id='word_1_95' title='bbox 375 1890 408 1919; x_wconf 94' lang='lat' dir='ltr'>te</span> 
     </span>
    </p>

    <p class='ocr_par' dir='ltr' id='par_1_18' title="bbox 265 1934 571 1975">
     <span class='ocr_line' id='line_1_35' title="bbox 265 1934 571 1975; baseline 0 -8"><span class='ocrx_word' id='word_1_96' title='bbox 265 1935 425 1968; x_wconf 87' lang='lat' dir='ltr'>laudantis</span> <span class='ocrx_word' id='word_1_97' title='bbox 449 1934 571 1975; x_wconf 83' lang='lat' dir='ltr'>populi.</span> 
     </span>
    </p>
   </div>
   <div class='ocr_carea' id='block_1_11' title="bbox 145 1982 507 2024">
    <p class='ocr_par' dir='ltr' id='par_1_19' title="bbox 145 1982 507 2024">
     <span class='ocr_line' id='line_1_36' title="bbox 145 1982 507 2024; baseline -0.008 -8"><span class='ocrx_word' id='word_1_98' title='bbox 145 1983 183 2016; x_wconf 83' lang='lat' dir='ltr'>V.</span> <span class='ocrx_word' id='word_1_99' title='bbox 215 1983 241 2016; x_wconf 92' lang='lat' dir='ltr'>O</span> <span class='ocrx_word' id='word_1_100' title='bbox 264 1985 377 2024; x_wconf 81' lang='lat' dir='ltr'>pastor</span> <span class='ocrx_word' id='word_1_101' title='bbox 400 1982 507 2024; x_wconf 84' lang='lat' dir='ltr'>gregis</span> 
     </span>
    </p>
   </div>
   <div class='ocr_carea' id='block_1_12' title="bbox 216 2030 609 2167">
    <p class='ocr_par' dir='ltr' id='par_1_20' title="bbox 216 2030 609 2167">
     <span class='ocr_line' id='line_1_37' title="bbox 264 2030 519 2070; baseline -0.008 -7"><span class='ocrx_word' id='word_1_102' title='bbox 264 2030 384 2063; x_wconf 88' lang='lat' dir='ltr'>Christi</span> <span class='ocrx_word' id='word_1_103' title='bbox 407 2030 519 2070; x_wconf 85' lang='lat' dir='ltr'>indite,</span> 
     </span>
     <span class='ocr_line' id='line_1_38' title="bbox 216 2078 609 2111; baseline -0.005 0"><span class='ocrx_word' id='word_1_104' title='bbox 216 2079 286 2111; x_wconf 90' lang='lat' dir='ltr'>Duc</span> <span class='ocrx_word' id='word_1_105' title='bbox 309 2087 368 2111; x_wconf 92' lang='lat' dir='ltr'>nos</span> <span class='ocrx_word' id='word_1_106' title='bbox 393 2078 436 2110; x_wconf 89' lang='lat' dir='ltr'>ad</span> <span class='ocrx_word' id='word_1_107' title='bbox 460 2080 609 2109; x_wconf 87' lang='lat' dir='ltr'>aeternae</span> 
     </span>
     <span class='ocr_line' id='line_1_39' title="bbox 263 2126 494 2167; baseline 0 -9"><span class='ocrx_word' id='word_1_108' title='bbox 263 2126 380 2167; x_wconf 87' lang='lat' dir='ltr'>gaudia</span> <span class='ocrx_word' id='word_1_109' title='bbox 399 2126 494 2158; x_wconf 89' lang='lat' dir='ltr'>vitae.</span> 
     </span>
    </p>
   </div>
   <div class='ocr_carea' id='block_1_13' title="bbox 985 182 1286 293">
    <p class='ocr_par' dir='ltr' id='par_1_21' title="bbox 985 182 1286 293">
     <span class='ocr_line' id='line_1_40' title="bbox 985 182 1286 216; baseline 0 -1"><span class='ocrx_word' id='word_1_110' title='bbox 985 182 1005 215; x_wconf 85' lang='lat'>1</span> <span class='ocrx_word' id='word_1_111' title='bbox 1012 192 1033 214; x_wconf 87' lang='lat' dir='ltr'>n</span> <span class='ocrx_word' id='word_1_112' title='bbox 1056 182 1086 214; x_wconf 91' lang='lat' dir='ltr'>L</span> <span class='ocrx_word' id='word_1_113' title='bbox 1093 192 1114 215; x_wconf 87' lang='lat' dir='ltr'>a</span> <span class='ocrx_word' id='word_1_114' title='bbox 1121 192 1140 214; x_wconf 92' lang='lat' dir='ltr'>u</span> <span class='ocrx_word' id='word_1_115' title='bbox 1152 183 1172 215; x_wconf 90' lang='lat' dir='ltr'>d</span> <span class='ocrx_word' id='word_1_116' title='bbox 1180 183 1192 214; x_wconf 94' lang='lat' dir='ltr'>i</span> <span class='ocrx_word' id='word_1_117' title='bbox 1201 182 1222 214; x_wconf 91' lang='lat' dir='ltr'>b</span> <span class='ocrx_word' id='word_1_118' title='bbox 1232 192 1252 214; x_wconf 92' lang='lat' dir='ltr'>u</span> <span class='ocrx_word' id='word_1_119' title='bbox 1261 191 1286 216; x_wconf 79' lang='lat' dir='ltr'>s,</span> 
     </span>
     <span class='ocr_line' id='line_1_41' title="bbox 1039 257 1233 293; baseline -0.01 -9"><span class='ocrx_word' id='word_1_120' title='bbox 1039 257 1233 293; x_wconf 83' lang='lat' dir='ltr'>Antiphonae.</span> 
     </span>
    </p>
   </div>
   <div class='ocr_carea' id='block_1_14' title="bbox 842 314 1286 348">
    <p class='ocr_par' dir='ltr' id='par_1_22' title="bbox 842 314 1286 348">
     <span class='ocr_line' id='line_1_42' title="bbox 842 314 1286 348; baseline 0 -2"><span class='ocrx_word' id='word_1_121' title='bbox 842 314 872 348; x_wconf 87' lang='lat'>1.</span> <span class='ocrx_word' id='word_1_122' title='bbox 898 314 936 346; x_wconf 86' lang='lat' dir='ltr'>In</span> <span class='ocrx_word' id='word_1_123' title='bbox 960 314 1074 346; x_wconf 89' lang='lat' dir='ltr'>throno</span> <span class='ocrx_word' id='word_1_124' title='bbox 1101 314 1286 346; x_wconf 86' lang='lat' dir='ltr'>duodecimo</span> 
     </span>
    </p>
   </div>
   <div class='ocr_carea' id='block_1_15' title="bbox 899 360 1449 494">
    <p class='ocr_par' dir='ltr' id='par_1_23' title="bbox 899 360 1449 494">
     <span class='ocr_line' id='line_1_43' title="bbox 946 360 1389 400; baseline -0.002 -8"><span class='ocrx_word' id='word_1_125' title='bbox 946 361 1099 393; x_wconf 87' lang='lat' dir='ltr'>Assessor</span> <span class='ocrx_word' id='word_1_126' title='bbox 1123 361 1253 400; x_wconf 89' lang='lat' dir='ltr'>superni</span> <span class='ocrx_word' id='word_1_127' title='bbox 1277 360 1389 392; x_wconf 80' lang='lat' dir='ltr'>iudicis</span> 
     </span>
     <span class='ocr_line' id='line_1_44' title="bbox 899 407 1353 448; baseline -0.002 -9"><span class='ocrx_word' id='word_1_128' title='bbox 899 408 1029 439; x_wconf 87' lang='lat' dir='ltr'>Honore</span> <span class='ocrx_word' id='word_1_129' title='bbox 1057 407 1180 448; x_wconf 85' lang='lat' dir='ltr'>fulgens</span> <span class='ocrx_word' id='word_1_130' title='bbox 1207 407 1353 445; x_wconf 84' lang='lat' dir='ltr'>maximo,</span> 
     </span>
     <span class='ocr_line' id='line_1_45' title="bbox 946 454 1449 494; baseline -0.004 -8"><span class='ocrx_word' id='word_1_131' title='bbox 946 454 1033 487; x_wconf 89' lang='lat' dir='ltr'>Audi</span> <span class='ocrx_word' id='word_1_132' title='bbox 1047 464 1158 494; x_wconf 90' lang='lat' dir='ltr'>preces</span> <span class='ocrx_word' id='word_1_133' title='bbox 1170 455 1273 494; x_wconf 88' lang='lat' dir='ltr'>gregis</span> <span class='ocrx_word' id='word_1_134' title='bbox 1283 454 1449 493; x_wconf 87' lang='lat' dir='ltr'>supplicis.</span> 
     </span>
    </p>
   </div>
   <div class='ocr_carea' id='block_1_16' title="bbox 847 510 1201 552">
    <p class='ocr_par' dir='ltr' id='par_1_24' title="bbox 847 510 1201 552">
     <span class='ocr_line' id='line_1_46' title="bbox 847 510 1201 552; baseline -0.003 -8"><span class='ocrx_word' id='word_1_135' title='bbox 847 514 878 544; x_wconf 88' lang='lat'>2.</span> <span class='ocrx_word' id='word_1_136' title='bbox 905 510 1020 552; x_wconf 78' lang='lat' dir='ltr'>Opifex</span> <span class='ocrx_word' id='word_1_137' title='bbox 1046 511 1201 543; x_wconf 89' lang='lat' dir='ltr'>mirabilis</span> 
     </span>
    </p>
   </div>
   <div class='ocr_carea' id='block_1_17' title="bbox 898 557 1395 691">
    <p class='ocr_par' dir='ltr' id='par_1_25' title="bbox 898 557 1395 691">
     <span class='ocr_line' id='line_1_47' title="bbox 947 557 1391 599; baseline -0.005 -10"><span class='ocrx_word' id='word_1_138' title='bbox 947 558 1166 598; x_wconf 87' lang='lat' dir='ltr'>Dispergendo</span> <span class='ocrx_word' id='word_1_139' title='bbox 1191 557 1391 599; x_wconf 87' lang='lat' dir='ltr'>multiplicat,</span> 
     </span>
     <span class='ocr_line' id='line_1_48' title="bbox 898 604 1321 645; baseline -0.009 -7"><span class='ocrx_word' id='word_1_140' title='bbox 898 605 954 638; x_wconf 83' lang='lat' dir='ltr'>Fit</span> <span class='ocrx_word' id='word_1_141' title='bbox 979 605 1073 637; x_wconf 89' lang='lat' dir='ltr'>caelis</span> <span class='ocrx_word' id='word_1_142' title='bbox 1098 606 1171 637; x_wconf 84' lang='lat' dir='ltr'>aula</span> <span class='ocrx_word' id='word_1_143' title='bbox 1194 604 1321 645; x_wconf 92' lang='lat' dir='ltr'>nobilis,</span> 
     </span>
     <span class='ocr_line' id='line_1_49' title="bbox 947 649 1395 691; baseline -0.004 -8"><span class='ocrx_word' id='word_1_144' title='bbox 947 652 1045 691; x_wconf 75' lang='lat' dir='ltr'>Quam</span> <span class='ocrx_word' id='word_1_145' title='bbox 1069 653 1101 684; x_wconf 89' lang='lat' dir='ltr'>in</span> <span class='ocrx_word' id='word_1_146' title='bbox 1127 652 1223 683; x_wconf 90' lang='lat' dir='ltr'>terris</span> <span class='ocrx_word' id='word_1_147' title='bbox 1247 649 1395 682; x_wconf 83' lang='lat' dir='ltr'>fabricat.</span> 
     </span>
    </p>
   </div>
   <div class='ocr_carea' id='block_1_18' title="bbox 840 708 1282 748">
    <p class='ocr_par' dir='ltr' id='par_1_26' title="bbox 840 708 1282 748">
     <span class='ocr_line' id='line_1_50' title="bbox 840 708 1282 748; baseline -0.002 -8"><span class='ocrx_word' id='word_1_148' title='bbox 840 708 871 742; x_wconf 88' lang='lat'>3.</span> <span class='ocrx_word' id='word_1_149' title='bbox 897 708 959 740; x_wconf 87' lang='lat' dir='ltr'>Dei</span> <span class='ocrx_word' id='word_1_150' title='bbox 985 709 1153 740; x_wconf 87' lang='lat' dir='ltr'>comitante</span> <span class='ocrx_word' id='word_1_151' title='bbox 1177 708 1282 748; x_wconf 85' lang='lat' dir='ltr'>gratia</span> 
     </span>
    </p>
   </div>
   <div class='ocr_carea' id='block_1_19' title="bbox 899 754 1444 889">
    <p class='ocr_par' dir='ltr' id='par_1_27' title="bbox 899 754 1444 889">
     <span class='ocr_line' id='line_1_51' title="bbox 947 754 1361 795; baseline -0.007 -8"><span class='ocrx_word' id='word_1_152' title='bbox 947 755 1000 787; x_wconf 88' lang='lat' dir='ltr'>Ad</span> <span class='ocrx_word' id='word_1_153' title='bbox 1024 756 1122 788; x_wconf 90' lang='lat' dir='ltr'>Indos</span> <span class='ocrx_word' id='word_1_154' title='bbox 1146 754 1361 795; x_wconf 85' lang='lat' dir='ltr'>progreditur,</span> 
     </span>
     <span class='ocr_line' id='line_1_52' title="bbox 899 801 1444 844; baseline -0.002 -11"><span class='ocrx_word' id='word_1_155' title='bbox 899 802 1112 841; x_wconf 81' lang='lat' dir='ltr'>Triumphans</span> <span class='ocrx_word' id='word_1_156' title='bbox 1137 802 1222 834; x_wconf 90' lang='lat' dir='ltr'>redit</span> <span class='ocrx_word' id='word_1_157' title='bbox 1247 810 1316 832; x_wconf 93' lang='lat' dir='ltr'>cum</span> <span class='ocrx_word' id='word_1_158' title='bbox 1333 801 1444 844; x_wconf 83' lang='lat' dir='ltr'>gloria,</span> 
     </span>
     <span class='ocr_line' id='line_1_53' title="bbox 946 847 1443 889; baseline -0.004 -9"><span class='ocrx_word' id='word_1_159' title='bbox 946 849 983 880; x_wconf 88' lang='lat' dir='ltr'>In</span> <span class='ocrx_word' id='word_1_160' title='bbox 1006 848 1101 880; x_wconf 87' lang='lat' dir='ltr'>caelis</span> <span class='ocrx_word' id='word_1_161' title='bbox 1119 849 1259 889; x_wconf 85' lang='lat' dir='ltr'>gaudens</span> <span class='ocrx_word' id='word_1_162' title='bbox 1278 847 1443 889; x_wconf 89' lang='lat' dir='ltr'>excipitur.</span> 
     </span>
    </p>
   </div>
   <div class='ocr_carea' id='block_1_20' title="bbox 865 904 1328 943">
    <p class='ocr_par' dir='ltr' id='par_1_28' title="bbox 865 904 1328 943">
     <span class='ocr_line' id='line_1_54' title="bbox 865 904 1328 943; baseline -0.004 -6"><span class='ocrx_word' id='word_1_163' title='bbox 865 931 872 937; x_wconf 95' lang='lat'>.</span> <span class='ocrx_word' id='word_1_164' title='bbox 899 905 1011 937; x_wconf 87' lang='lat' dir='ltr'>Carnis</span> <span class='ocrx_word' id='word_1_165' title='bbox 1036 905 1129 943; x_wconf 84' lang='lat' dir='ltr'>pellit</span> <span class='ocrx_word' id='word_1_166' title='bbox 1151 904 1328 943; x_wconf 88' lang='lat' dir='ltr'>illecebras,</span> 
     </span>
    </p>
   </div>
   <div class='ocr_carea' id='block_1_21' title="bbox 903 949 1390 1083">
    <p class='ocr_par' dir='ltr' id='par_1_29' title="bbox 903 949 1390 1083">
     <span class='ocr_line' id='line_1_55' title="bbox 947 949 1362 988; baseline -0.005 -6"><span class='ocrx_word' id='word_1_167' title='bbox 947 949 1104 983; x_wconf 88' lang='lat' dir='ltr'>Informat</span> <span class='ocrx_word' id='word_1_168' title='bbox 1129 950 1362 988; x_wconf 87' lang='lat' dir='ltr'>continentiam,</span> 
     </span>
     <span class='ocr_line' id='line_1_56' title="bbox 903 997 1344 1038; baseline -0.002 -9"><span class='ocrx_word' id='word_1_169' title='bbox 903 998 1057 1029; x_wconf 83' lang='lat' dir='ltr'>Errorum</span> <span class='ocrx_word' id='word_1_170' title='bbox 1084 997 1173 1038; x_wconf 86' lang='lat' dir='ltr'>fugat</span> <span class='ocrx_word' id='word_1_171' title='bbox 1197 997 1344 1028; x_wconf 87' lang='lat' dir='ltr'>tenebras</span> 
     </span>
     <span class='ocr_line' id='line_1_57' title="bbox 949 1044 1390 1083; baseline -0.005 -7"><span class='ocrx_word' id='word_1_172' title='bbox 949 1045 1002 1076; x_wconf 90' lang='lat' dir='ltr'>Ad</span> <span class='ocrx_word' id='word_1_173' title='bbox 1028 1046 1108 1077; x_wconf 88' lang='lat' dir='ltr'>caeli</span> <span class='ocrx_word' id='word_1_174' title='bbox 1134 1044 1221 1076; x_wconf 87' lang='lat' dir='ltr'>ducit</span> <span class='ocrx_word' id='word_1_175' title='bbox 1244 1044 1390 1083; x_wconf 87' lang='lat' dir='ltr'>patriam.</span> 
     </span>
    </p>
   </div>
   <div class='ocr_carea' id='block_1_22' title="bbox 870 1100 1373 1141">
    <p class='ocr_par' dir='ltr' id='par_1_30' title="bbox 870 1100 1373 1141">
     <span class='ocr_line' id='line_1_58' title="bbox 870 1100 1373 1141; baseline -0.008 -6"><span class='ocrx_word' id='word_1_176' title='bbox 870 1128 876 1135; x_wconf 95' lang='lat'>.</span> <span class='ocrx_word' id='word_1_177' title='bbox 904 1102 928 1133; x_wconf 97' lang='grc' dir='ltr'>Ο</span> <span class='ocrx_word' id='word_1_178' title='bbox 954 1103 1072 1141; x_wconf 88' lang='lat' dir='ltr'>quanta</span> <span class='ocrx_word' id='word_1_179' title='bbox 1095 1102 1248 1133; x_wconf 84' lang='lat' dir='ltr'>honorum</span> <span class='ocrx_word' id='word_1_180' title='bbox 1272 1100 1373 1140; x_wconf 86' lang='lat' dir='ltr'>gloria</span> 
     </span>
    </p>
   </div>
   <div class='ocr_carea' id='block_1_23' title="bbox 900 1147 1428 1274">
    <p class='ocr_par' dir='ltr' id='par_1_31' title="bbox 900 1147 1428 1274">
     <span class='ocr_line' id='line_1_59' title="bbox 948 1147 1291 1187; baseline -0.006 -8"><span class='ocrx_word' id='word_1_181' title='bbox 948 1148 995 1179; x_wconf 90' lang='lat' dir='ltr'>Te</span> <span class='ocrx_word' id='word_1_182' title='bbox 1016 1147 1104 1180; x_wconf 87' lang='lat' dir='ltr'>Deus</span> <span class='ocrx_word' id='word_1_183' title='bbox 1129 1148 1291 1187; x_wconf 78' lang='lat' dir='ltr'>exaltavit,</span> 
     </span>
     <span class='ocr_line' id='line_1_60' title="bbox 900 1193 1428 1235; baseline -0.006 -8"><span class='ocrx_word' id='word_1_184' title='bbox 900 1195 1031 1235; x_wconf 87' lang='lat' dir='ltr'>Thoma,</span> <span class='ocrx_word' id='word_1_185' title='bbox 1059 1196 1133 1228; x_wconf 91' lang='lat' dir='ltr'>dum</span> <span class='ocrx_word' id='word_1_186' title='bbox 1157 1195 1309 1227; x_wconf 85' lang='lat' dir='ltr'>virtutum</span> <span class='ocrx_word' id='word_1_187' title='bbox 1334 1193 1428 1233; x_wconf 88' lang='lat' dir='ltr'>copia</span> 
     </span>
     <span class='ocr_line' id='line_1_61' title="bbox 950 1241 1401 1274; baseline 0 0"><span class='ocrx_word' id='word_1_188' title='bbox 950 1242 1140 1274; x_wconf 88' lang='lat' dir='ltr'>Cunctarum</span> <span class='ocrx_word' id='word_1_189' title='bbox 1164 1244 1198 1273; x_wconf 91' lang='lat' dir='ltr'>te</span> <span class='ocrx_word' id='word_1_190' title='bbox 1222 1241 1401 1274; x_wconf 86' lang='lat' dir='ltr'>cumulavit.</span> 
     </span>
    </p>
   </div>
   <div class='ocr_carea' id='block_1_24' title="bbox 1017 1316 1265 1344">
    <p class='ocr_par' dir='ltr' id='par_1_32' title="bbox 1017 1316 1265 1344">
     <span class='ocr_line' id='line_1_62' title="bbox 1017 1316 1265 1344; baseline -0.008 0"><span class='ocrx_word' id='word_1_191' title='bbox 1017 1316 1063 1343; x_wconf 83' lang='lat' dir='ltr'>Ad</span> <span class='ocrx_word' id='word_1_192' title='bbox 1083 1316 1265 1344; x_wconf 82' lang='lat' dir='ltr'>Benedictus.</span> 
     </span>
    </p>
   </div>
   <div class='ocr_carea' id='block_1_25' title="bbox 865 1373 1346 1415">
    <p class='ocr_par' dir='ltr' id='par_1_33' title="bbox 865 1373 1346 1415">
     <span class='ocr_line' id='line_1_63' title="bbox 865 1373 1346 1415; baseline -0.01 -6"><span class='ocrx_word' id='word_1_193' title='bbox 865 1402 871 1408; x_wconf 93' lang='lat'>.</span> <span class='ocrx_word' id='word_1_194' title='bbox 902 1375 927 1408; x_wconf 96' lang='lat' dir='ltr'>O</span> <span class='ocrx_word' id='word_1_195' title='bbox 955 1374 1076 1406; x_wconf 85' lang='lat' dir='ltr'>Christi</span> <span class='ocrx_word' id='word_1_196' title='bbox 1099 1375 1199 1406; x_wconf 86' lang='lat' dir='ltr'>amice</span> <span class='ocrx_word' id='word_1_197' title='bbox 1223 1373 1346 1415; x_wconf 80' lang='lat' dir='ltr'>eximie,</span> 
     </span>
    </p>
   </div>
   <div class='ocr_carea' id='block_1_26' title="bbox 901 1419 1451 1688">
    <p class='ocr_par' dir='ltr' id='par_1_34' title="bbox 901 1419 1451 1688">
     <span class='ocr_line' id='line_1_64' title="bbox 947 1419 1450 1459; baseline -0.008 -6"><span class='ocrx_word' id='word_1_198' title='bbox 947 1422 997 1453; x_wconf 89' lang='lat' dir='ltr'>Tu</span> <span class='ocrx_word' id='word_1_199' title='bbox 1014 1424 1142 1454; x_wconf 86' lang='lat' dir='ltr'>terrena</span> <span class='ocrx_word' id='word_1_200' title='bbox 1160 1423 1272 1452; x_wconf 89' lang='lat' dir='ltr'>cuncta</span> <span class='ocrx_word' id='word_1_201' title='bbox 1287 1419 1450 1459; x_wconf 87' lang='lat' dir='ltr'>respuisti,</span> 
     </span>
     <span class='ocr_line' id='line_1_65' title="bbox 901 1466 1280 1501; baseline -0.005 -1"><span class='ocrx_word' id='word_1_202' title='bbox 901 1469 978 1500; x_wconf 89' lang='lat' dir='ltr'>Ideo</span> <span class='ocrx_word' id='word_1_203' title='bbox 1002 1468 1065 1500; x_wconf 89' lang='lat' dir='ltr'>Dei</span> <span class='ocrx_word' id='word_1_204' title='bbox 1091 1469 1177 1501; x_wconf 86' lang='lat' dir='ltr'>dulci</span> <span class='ocrx_word' id='word_1_205' title='bbox 1198 1466 1280 1499; x_wconf 88' lang='lat' dir='ltr'>facie</span> 
     </span>
     <span class='ocr_line' id='line_1_66' title="bbox 948 1513 1448 1556; baseline -0.01 -8"><span class='ocrx_word' id='word_1_206' title='bbox 948 1517 985 1548; x_wconf 90' lang='lat' dir='ltr'>In</span> <span class='ocrx_word' id='word_1_207' title='bbox 1013 1517 1107 1547; x_wconf 88' lang='lat' dir='ltr'>caelis</span> <span class='ocrx_word' id='word_1_208' title='bbox 1132 1515 1259 1556; x_wconf 87' lang='lat' dir='ltr'>frueris,</span> <span class='ocrx_word' id='word_1_209' title='bbox 1285 1516 1321 1545; x_wconf 90' lang='lat' dir='ltr'>ut</span> <span class='ocrx_word' id='word_1_210' title='bbox 1341 1513 1448 1552; x_wconf 87' lang='lat' dir='ltr'>sitisti,</span> 
     </span>
     <span class='ocr_line' id='line_1_67' title="bbox 902 1561 1402 1603; baseline -0.006 -9"><span class='ocrx_word' id='word_1_211' title='bbox 902 1563 996 1595; x_wconf 82' lang='lat' dir='ltr'>Cuius</span> <span class='ocrx_word' id='word_1_212' title='bbox 1021 1572 1143 1595; x_wconf 90' lang='lat' dir='ltr'>summa</span> <span class='ocrx_word' id='word_1_213' title='bbox 1166 1562 1282 1603; x_wconf 87' lang='lat' dir='ltr'>gaudia</span> <span class='ocrx_word' id='word_1_214' title='bbox 1306 1561 1402 1592; x_wconf 90' lang='lat' dir='ltr'>hodie</span> 
     </span>
     <span class='ocr_line' id='line_1_68' title="bbox 955 1607 1451 1649; baseline -0.01 -6"><span class='ocrx_word' id='word_1_215' title='bbox 955 1610 1030 1643; x_wconf 87' lang='lat' dir='ltr'>Cum</span> <span class='ocrx_word' id='word_1_216' title='bbox 1050 1610 1176 1643; x_wconf 87' lang='lat' dir='ltr'>Christo</span> <span class='ocrx_word' id='word_1_217' title='bbox 1201 1611 1388 1649; x_wconf 84' lang='lat' dir='ltr'>regnaturus</span> <span class='ocrx_word' id='word_1_218' title='bbox 1403 1607 1451 1638; x_wconf 91' lang='lat' dir='ltr'>in-</span> 
     </span>
     <span class='ocr_line' id='line_1_69' title="bbox 1224 1656 1341 1688; baseline 0 0"><span class='ocrx_word' id='word_1_219' title='bbox 1224 1656 1341 1688; x_wconf 86' lang='lat' dir='ltr'>troisti.</span> 
     </span>
    </p>
   </div>
   <div class='ocr_carea' id='block_1_27' title="bbox 1013 1731 1258 1769">
    <p class='ocr_par' dir='ltr' id='par_1_35' title="bbox 1013 1731 1258 1769">
     <span class='ocr_line' id='line_1_70' title="bbox 1013 1731 1258 1769; baseline -0.008 -9"><span class='ocrx_word' id='word_1_220' title='bbox 1013 1732 1059 1760; x_wconf 89' lang='lat' dir='ltr'>Ad</span> <span class='ocrx_word' id='word_1_221' title='bbox 1077 1731 1258 1769; x_wconf 85' lang='lat' dir='ltr'>Magnificat.</span> 
     </span>
    </p>
   </div>
   <div class='ocr_carea' id='block_1_28' title="bbox 864 1790 1315 1830">
    <p class='ocr_par' dir='ltr' id='par_1_36' title="bbox 864 1790 1315 1830">
     <span class='ocr_line' id='line_1_71' title="bbox 864 1790 1315 1830; baseline -0.007 -6"><span class='ocrx_word' id='word_1_222' title='bbox 864 1816 872 1824; x_wconf 91' lang='lat'>.</span> <span class='ocrx_word' id='word_1_223' title='bbox 903 1791 928 1823; x_wconf 93' lang='lat' dir='ltr'>O</span> <span class='ocrx_word' id='word_1_224' title='bbox 954 1792 1098 1830; x_wconf 87' lang='lat' dir='ltr'>apostole</span> <span class='ocrx_word' id='word_1_225' title='bbox 1122 1790 1315 1829; x_wconf 84' lang='lat' dir='ltr'>beatissime,</span> 
     </span>
    </p>
   </div>
   <div class='ocr_carea' id='block_1_29' title="bbox 900 1836 1453 2162">
    <p class='ocr_par' dir='ltr' id='par_1_37' title="bbox 949 1836 1450 1877">
     <span class='ocr_line' id='line_1_72' title="bbox 949 1836 1450 1877; baseline -0.002 -7"><span class='ocrx_word' id='word_1_226' title='bbox 949 1838 998 1870; x_wconf 88' lang='lat' dir='ltr'>Tu</span> <span class='ocrx_word' id='word_1_227' title='bbox 1024 1836 1127 1870; x_wconf 89' lang='lat' dir='ltr'>factus</span> <span class='ocrx_word' id='word_1_228' title='bbox 1144 1837 1249 1870; x_wconf 88' lang='lat' dir='ltr'>fidelis</span> <span class='ocrx_word' id='word_1_229' title='bbox 1269 1838 1450 1877; x_wconf 87' lang='lat' dir='ltr'>dupliciter,</span> 
     </span>
    </p>

    <p class='ocr_par' dir='ltr' id='par_1_38' title="bbox 901 1884 1452 1927">
     <span class='ocr_line' id='line_1_73' title="bbox 901 1884 1452 1927; baseline -0.004 -9"><span class='ocrx_word' id='word_1_230' title='bbox 901 1886 926 1918; x_wconf 94' lang='grc' dir='ltr'>Ο</span> <span class='ocrx_word' id='word_1_231' title='bbox 952 1886 1083 1927; x_wconf 83' lang='lat' dir='ltr'>Thoma,</span> <span class='ocrx_word' id='word_1_232' title='bbox 1109 1885 1278 1926; x_wconf 84' lang='lat' dir='ltr'>singularis</span> <span class='ocrx_word' id='word_1_233' title='bbox 1303 1884 1452 1925; x_wconf 81' lang='lat' dir='ltr'>Didyme,</span> 
     </span>
    </p>

    <p class='ocr_par' dir='ltr' id='par_1_39' title="bbox 947 1932 1453 2018">
     <span class='ocr_line' id='line_1_74' title="bbox 947 1932 1453 1973; baseline -0.004 -8"><span class='ocrx_word' id='word_1_234' title='bbox 947 1933 1069 1966; x_wconf 87' lang='lat' dir='ltr'>Videns</span> <span class='ocrx_word' id='word_1_235' title='bbox 1095 1937 1127 1965; x_wconf 92' lang='lat' dir='ltr'>et</span> <span class='ocrx_word' id='word_1_236' title='bbox 1143 1936 1274 1973; x_wconf 84' lang='lat' dir='ltr'>tangens</span> <span class='ocrx_word' id='word_1_237' title='bbox 1295 1932 1453 1964; x_wconf 86' lang='lat' dir='ltr'>Christum</span> 
     </span>
     <span class='ocr_line' id='line_1_75' title="bbox 1225 1978 1375 2018; baseline -0.007 -7"><span class='ocrx_word' id='word_1_238' title='bbox 1225 1978 1375 2018; x_wconf 86' lang='lat' dir='ltr'>feliciter,</span> 
     </span>
    </p>

    <p class='ocr_par' dir='ltr' id='par_1_40' title="bbox 900 2027 1452 2069">
     <span class='ocr_line' id='line_1_76' title="bbox 900 2027 1452 2069; baseline -0.005 -8"><span class='ocrx_word' id='word_1_239' title='bbox 900 2028 924 2061; x_wconf 95' lang='grc' dir='ltr'>Ο</span> <span class='ocrx_word' id='word_1_240' title='bbox 948 2028 1069 2069; x_wconf 87' lang='lat' dir='ltr'>doctor,</span> <span class='ocrx_word' id='word_1_241' title='bbox 1088 2027 1303 2067; x_wconf 90' lang='lat' dir='ltr'>apostolorum</span> <span class='ocrx_word' id='word_1_242' title='bbox 1322 2027 1452 2067; x_wconf 89' lang='lat' dir='ltr'>optime,</span> 
     </span>
    </p>

    <p class='ocr_par' dir='ltr' id='par_1_41' title="bbox 947 2074 1453 2162">
     <span class='ocr_line' id='line_1_77' title="bbox 947 2074 1453 2115; baseline 0.002 -8"><span class='ocrx_word' id='word_1_243' title='bbox 947 2076 1011 2108; x_wconf 88' lang='lat' dir='ltr'>Ora</span> <span class='ocrx_word' id='word_1_244' title='bbox 1055 2084 1114 2115; x_wconf 87' lang='lat' dir='ltr'>pro</span> <span class='ocrx_word' id='word_1_245' title='bbox 1156 2074 1248 2107; x_wconf 90' lang='lat' dir='ltr'>nobis</span> <span class='ocrx_word' id='word_1_246' title='bbox 1292 2074 1453 2108; x_wconf 83' lang='lat' dir='ltr'>Christum</span> 
     </span>
     <span class='ocr_line' id='line_1_78' title="bbox 1230 2122 1359 2162; baseline 0.008 -9"><span class='ocrx_word' id='word_1_247' title='bbox 1230 2122 1359 2162; x_wconf 83' lang='lat' dir='ltr'>iugiter.</span> 
     </span>
    </p>
   </div>
   <div class='ocr_carea' id='block_1_30' title="bbox 145 2202 1456 2398">
    <p class='ocr_par' dir='ltr' id='par_1_42' title="bbox 145 2202 1456 2398">
     <span class='ocr_line' id='line_1_79' title="bbox 245 2202 1455 2242; baseline -0.005 -4"><span class='ocrx_word' id='word_1_248' title='bbox 245 2211 322 2238; x_wconf 86' lang='lat' dir='ltr'>Brev</span> <span class='ocrx_word' id='word_1_249' title='bbox 334 2218 388 2237; x_wconf 84' lang='lat' dir='ltr'>ms.</span> <span class='ocrx_word' id='word_1_250' title='bbox 403 2209 600 2237; x_wconf 85' lang='lat' dir='ltr'>Cracoviense</span> <span class='ocrx_word' id='word_1_251' title='bbox 612 2218 687 2237; x_wconf 86' lang='lat' dir='ltr'>saec.</span> <span class='ocrx_word' id='word_1_252' title='bbox 704 2207 749 2237; x_wconf 89' lang='lat'>15.</span> <span class='ocrx_word' id='word_1_253' title='bbox 780 2209 849 2237; x_wconf 87' lang='lat' dir='ltr'>Cod.</span> <span class='ocrx_word' id='word_1_254' title='bbox 865 2208 960 2242; x_wconf 85' lang='lat' dir='ltr'>Capit.</span> <span class='ocrx_word' id='word_1_255' title='bbox 972 2205 1142 2234; x_wconf 83' lang='lat' dir='ltr'>Cracovien.</span> <span class='ocrx_word' id='word_1_256' title='bbox 1156 2204 1201 2233; x_wconf 83' lang='lat'>20.</span> <span class='ocrx_word' id='word_1_257' title='bbox 1210 2205 1299 2233; x_wconf 85' lang='lat' dir='ltr'>—In</span> <span class='ocrx_word' id='word_1_258' title='bbox 1313 2202 1338 2232; x_wconf 92' lang='grc'>1.</span> <span class='ocrx_word' id='word_1_259' title='bbox 1349 2204 1419 2233; x_wconf 86' lang='lat' dir='ltr'>Ves</span> <span class='ocrx_word' id='word_1_260' title='bbox 1427 2215 1455 2242; x_wconf 90' lang='lat' dir='ltr'>p.</span> 
     </span>
     <span class='ocr_line' id='line_1_80' title="bbox 146 2241 1456 2284; baseline -0.005 -8"><span class='ocrx_word' id='word_1_261' title='bbox 146 2248 193 2276; x_wconf 87' lang='lat' dir='ltr'>Ad</span> <span class='ocrx_word' id='word_1_262' title='bbox 206 2248 318 2284; x_wconf 66' lang='lat' dir='ltr'>Magn„</span> <span class='ocrx_word' id='word_1_263' title='bbox 338 2246 356 2275; x_wconf 88' lang='grc'>6</span> <span class='ocrx_word' id='word_1_264' title='bbox 368 2248 431 2276; x_wconf 80' lang='lat' dir='ltr'>Nos</span> <span class='ocrx_word' id='word_1_265' title='bbox 451 2248 483 2274; x_wconf 87' lang='lat' dir='ltr'>in</span> <span class='ocrx_word' id='word_1_266' title='bbox 502 2248 567 2276; x_wconf 84' lang='lat' dir='ltr'>vita</span> <span class='ocrx_word' id='word_1_267' title='bbox 585 2247 740 2284; x_wconf 81' lang='lat' dir='ltr'>suffragiis.</span> <span class='ocrx_word' id='word_1_268' title='bbox 753 2262 793 2267; x_wconf 97' lang='lat'>—</span> <span class='ocrx_word' id='word_1_269' title='bbox 805 2247 847 2275; x_wconf 88' lang='lat' dir='ltr'>In</span> <span class='ocrx_word' id='word_1_270' title='bbox 862 2245 887 2273; x_wconf 88' lang='lat'>1.</span> <span class='ocrx_word' id='word_1_271' title='bbox 901 2245 1002 2273; x_wconf 83' lang='lat' dir='ltr'>Noct.</span> <span class='ocrx_word' id='word_1_272' title='bbox 1020 2241 1041 2270; x_wconf 99' lang='grc' dir='ltr'><strong>Β</strong></span> <span class='ocrx_word' id='word_1_273' title='bbox 1056 2242 1081 2279; x_wconf 83' lang='lat'>3,</span> <span class='ocrx_word' id='word_1_274' title='bbox 1102 2243 1122 2272; x_wconf 83' lang='lat'><strong>4</strong></span> <span class='ocrx_word' id='word_1_275' title='bbox 1134 2245 1271 2272; x_wconf 85' lang='lat' dir='ltr'>universo</span> <span class='ocrx_word' id='word_1_276' title='bbox 1285 2243 1404 2279; x_wconf 86' lang='lat' dir='ltr'>populo.</span> <span class='ocrx_word' id='word_1_277' title='bbox 1418 2258 1456 2262; x_wconf 92' lang='lat'>—-</span> 
     </span>
     <span class='ocr_line' id='line_1_81' title="bbox 145 2280 1456 2320; baseline -0.003 -7"><span class='ocrx_word' id='word_1_278' title='bbox 145 2286 188 2313; x_wconf 92' lang='lat' dir='ltr'>In</span> <span class='ocrx_word' id='word_1_279' title='bbox 208 2284 234 2313; x_wconf 81' lang='lat'>2.</span> <span class='ocrx_word' id='word_1_280' title='bbox 254 2286 356 2313; x_wconf 79' lang='lat' dir='ltr'>Noct.</span> <span class='ocrx_word' id='word_1_281' title='bbox 377 2285 397 2312; x_wconf 86' lang='grc' dir='ltr'>Α</span> <span class='ocrx_word' id='word_1_282' title='bbox 424 2283 455 2319; x_wconf 88' lang='lat'>3,</span> <span class='ocrx_word' id='word_1_283' title='bbox 476 2284 494 2312; x_wconf 83' lang='lat'><strong><em>2</em></strong></span> <span class='ocrx_word' id='word_1_284' title='bbox 513 2285 555 2313; x_wconf 84' lang='lat' dir='ltr'>Et</span> <span class='ocrx_word' id='word_1_285' title='bbox 577 2285 658 2314; x_wconf 85' lang='lat' dir='ltr'>fehlt.</span> <span class='ocrx_word' id='word_1_286' title='bbox 684 2301 723 2305; x_wconf 97' lang='lat'>—</span> <span class='ocrx_word' id='word_1_287' title='bbox 743 2283 764 2312; x_wconf 89' lang='grc' dir='ltr'><strong>Β</strong></span> <span class='ocrx_word' id='word_1_288' title='bbox 792 2283 822 2319; x_wconf 83' lang='grc'>1’,</span> <span class='ocrx_word' id='word_1_289' title='bbox 844 2283 861 2312; x_wconf 88' lang='lat'>6</span> <span class='ocrx_word' id='word_1_290' title='bbox 887 2285 1052 2320; x_wconf 86' lang='lat' dir='ltr'>variosque.</span> <span class='ocrx_word' id='word_1_291' title='bbox 1077 2298 1111 2302; x_wconf 93' lang='lat'>—-</span> <span class='ocrx_word' id='word_1_292' title='bbox 1132 2281 1152 2309; x_wconf 93' lang='grc' dir='ltr'><strong>Β</strong></span> <span class='ocrx_word' id='word_1_293' title='bbox 1173 2280 1206 2316; x_wconf 85' lang='grc'>2,</span> <span class='ocrx_word' id='word_1_294' title='bbox 1229 2280 1243 2309; x_wconf 93' lang='grc'>1</span> <span class='ocrx_word' id='word_1_295' title='bbox 1265 2290 1308 2318; x_wconf 91' lang='lat' dir='ltr'>sq.</span> <span class='ocrx_word' id='word_1_296' title='bbox 1327 2282 1456 2309; x_wconf 83' lang='lat' dir='ltr'>Thomas</span> 
     </span>
     <span class='ocr_line' id='line_1_82' title="bbox 147 2318 1456 2359; baseline -0.003 -8"><span class='ocrx_word' id='word_1_297' title='bbox 147 2325 351 2354; x_wconf 66' lang='lat' dir='ltr'>resurrexisse.</span> <span class='ocrx_word' id='word_1_298' title='bbox 372 2340 409 2344; x_wconf 97' lang='lat'><strong>—</strong></span> <span class='ocrx_word' id='word_1_299' title='bbox 431 2321 451 2350; x_wconf 84' lang='grc' dir='ltr'><strong>Β</strong></span> <span class='ocrx_word' id='word_1_300' title='bbox 472 2321 499 2358; x_wconf 87' lang='grc'>3,</span> <span class='ocrx_word' id='word_1_301' title='bbox 520 2321 539 2351; x_wconf 84' lang='grc'><strong>3</strong></span> <span class='ocrx_word' id='word_1_302' title='bbox 558 2325 740 2359; x_wconf 87' lang='lat' dir='ltr'>poenitentia</span> <span class='ocrx_word' id='word_1_303' title='bbox 759 2324 827 2351; x_wconf 89' lang='lat' dir='ltr'>beni</span> <span class='ocrx_word' id='word_1_304' title='bbox 870 2331 896 2351; x_wconf 89' lang='lat' dir='ltr'>a.</span> <span class='ocrx_word' id='word_1_305' title='bbox 913 2338 951 2343; x_wconf 90' lang='lat'>-—</span> <span class='ocrx_word' id='word_1_306' title='bbox 969 2320 1012 2349; x_wconf 86' lang='lat' dir='ltr'>In</span> <span class='ocrx_word' id='word_1_307' title='bbox 1030 2318 1057 2349; x_wconf 85' lang='lat'>3.</span> <span class='ocrx_word' id='word_1_308' title='bbox 1070 2322 1173 2350; x_wconf 84' lang='lat' dir='ltr'>Noct.</span> <span class='ocrx_word' id='word_1_309' title='bbox 1189 2318 1209 2347; x_wconf 92' lang='grc' dir='ltr'><strong>Β</strong></span> <span class='ocrx_word' id='word_1_310' title='bbox 1230 2318 1256 2356; x_wconf 84' lang='grc'>2,</span> <span class='ocrx_word' id='word_1_311' title='bbox 1277 2320 1297 2348; x_wconf 83' lang='grc'><strong>4</strong></span> <span class='ocrx_word' id='word_1_312' title='bbox 1309 2320 1404 2348; x_wconf 88' lang='lat' dir='ltr'>India.</span> <span class='ocrx_word' id='word_1_313' title='bbox 1418 2336 1456 2340; x_wconf 87' lang='grc'><strong>-</strong></span> 
     </span>
     <span class='ocr_line' id='line_1_83' title="bbox 147 2358 1455 2398; baseline -0.001 -9"><span class='ocrx_word' id='word_1_314' title='bbox 147 2359 169 2389; x_wconf 82' lang='grc' dir='ltr'><strong>Β</strong></span> <span class='ocrx_word' id='word_1_315' title='bbox 196 2360 229 2398; x_wconf 85' lang='lat'>2,</span> <span class='ocrx_word' id='word_1_316' title='bbox 251 2360 269 2389; x_wconf 86' lang='lat'>5</span> <span class='ocrx_word' id='word_1_317' title='bbox 298 2363 395 2398; x_wconf 86' lang='lat' dir='ltr'>ipsum</span> <span class='ocrx_word' id='word_1_318' title='bbox 416 2363 519 2390; x_wconf 90' lang='lat' dir='ltr'>crucis.</span> <span class='ocrx_word' id='word_1_319' title='bbox 539 2376 576 2380; x_wconf 88' lang='lat'>—</span> <span class='ocrx_word' id='word_1_320' title='bbox 596 2362 637 2390; x_wconf 84' lang='lat' dir='ltr'>In</span> <span class='ocrx_word' id='word_1_321' title='bbox 656 2362 767 2390; x_wconf 85' lang='lat' dir='ltr'>Laud.</span> <span class='ocrx_word' id='word_1_322' title='bbox 788 2360 811 2389; x_wconf 93' lang='grc' dir='ltr'>Α</span> <span class='ocrx_word' id='word_1_323' title='bbox 851 2381 858 2396; x_wconf 91' lang='grc'>,</span> <span class='ocrx_word' id='word_1_324' title='bbox 880 2359 898 2389; x_wconf 84' lang='lat'><strong>3</strong></span> <span class='ocrx_word' id='word_1_325' title='bbox 917 2360 968 2389; x_wconf 87' lang='lat' dir='ltr'>Sic</span> <span class='ocrx_word' id='word_1_326' title='bbox 987 2359 1077 2388; x_wconf 90' lang='lat' dir='ltr'>coelis</span> <span class='ocrx_word' id='word_1_327' title='bbox 1099 2360 1175 2388; x_wconf 84' lang='lat' dir='ltr'>aula.</span> <span class='ocrx_word' id='word_1_328' title='bbox 1197 2375 1236 2380; x_wconf 87' lang='lat'>—-</span> <span class='ocrx_word' id='word_1_329' title='bbox 1255 2358 1315 2387; x_wconf 80' lang='lat' dir='ltr'>Ein</span> <span class='ocrx_word' id='word_1_330' title='bbox 1334 2358 1455 2388; x_wconf 83' lang='lat' dir='ltr'>anderes</span> 
     </span>
    </p>
   </div>
  </div>
 </body>
</html>
