1655 2534
717 104 970 139 —320—

262 199 318 227 Per
338 200 419 228 cuius
439 200 601 235 patrocinia

261 237 353 265 Nobis
369 237 427 265 Dei
443 237 596 265 clementia

259 274 393 302 Praestet
411 277 529 302 aeterna
546 274 661 309 gaudia.

203 322 237 349 A.
261 321 314 348 Pie
335 323 416 357 pater
436 323 465 348 et
483 323 610 357 patrone,

259 359 325 386 Tua
343 360 554 386 interventione

934 198 995 225 Nos
1018 206 1037 225 a
1056 197 1142 225 malis
1162 197 1281 225 liberari

934 235 976 262 Et
994 243 1130 271 procures
1151 235 1289 262 collocari

933 272 1004 300 Sine
1024 273 1225 300 terminatione

932 310 1039 338 Tecum
1060 310 1134 337 caeli
1153 311 1312 338 mansione.

279 441 341 471 225.
362 444 546 472 Silvestri
566 451 659 479 papae
680 444 708 470 et
727 442 905 476 confessoris,
927 443 1028 470 ultimo
1048 443 1118 470 Dec.
1139 441 1199 479 [fol.
1221 441 1304 479 59b].
1324 443 1385 470 Aus
1399 444 1493 470 einem

200 481 407 508 unbekannten
426 480 570 508 Officium:

204 549 265 575 Inv.
276 548 434 575 Iubilemus
455 547 631 575 exsultantes

279 584 426 612 Summum
445 586 538 612 Deum
560 587 739 619 venerantes,

278 622 335 655 Qui
356 622 526 650 silvestrum
545 623 715 649 sublimavit

275 660 316 686 Et
335 668 430 687 secum
450 659 631 694 glorificavit.

223 722 246 748 Χ.
276 720 423 754 Silvester‚
443 722 489 747 vir
510 721 619 753 beatus,

274 758 381 793 Legem
403 758 554 785 meditatus

278 795 395 830 Semper
416 797 520 822 summi
541 795 604 828 Dei,

274 832 316 859 Ut
335 833 378 860 sol
398 833 502 860 mundo
523 832 605 865 luxit,

275 870 424 897 Caesarem
444 871 582 897 instruxit

274 907 345 934 Fide
364 909 481 935 sanctae
498 909 568 943 spei.

208 970 241 996 R.
276 969 299 996 Ο
319 978 370 1003 per
390 970 487 995 omnia
505 968 591 996 laude
610 969 726 1004 dignum

271 1005 437 1033 Praesulem
457 1007 587 1033 sanctum
602 1008 630 1033 et
644 1007 808 1042 benignum,

272 1043 328 1076 Qui
348 1044 447 1070 divina
466 1044 562 1079 gratia.

270 1081 305 1107 In
325 1089 431 1116 agnum
450 1081 548 1114 lupum
570 1081 701 1114 mutavit,

932 547 1042 574 Christi
1061 547 1178 574 vineam
1199 546 1336 573 dilatavit

966 584 1023 611 Per
1041 585 1184 612 terrarum
1203 585 1309 619 spatia.

871 622 906 649 V.
931 622 1114 656 BIaynfficavit
1141 630 1201 649 omn
1222 623 1355 648 Dominus
1380 623 1411 649 ἐκ
1431 630 1491 648 σοπ-

927 665 1015 693 spectu
1039 668 1130 693 reyum
1154 665 1178 687 οι
1204 661 1275 686 dedit
1301 660 1345 686 illi
1367 668 1493 687 coronam.

924 699 1032 731 qloriae.

895 763 902 770 ,
926 744 950 771 O
972 744 1112 772 Silvester
1132 745 1207 772 hone

928 782 1030 809 Dulcis
1051 783 1081 809 et
1097 785 1228 817 patrone,

927 820 1012 847 Nimc
1033 828 1084 856 pro
1106 821 1190 847 nobis
1212 820 1313 853 Deum,

924 857 982 884 Adi
1003 865 1088 885 orans
1110 866 1184 891 eum,

924 894 967 922 Ut
984 904 1036 930 per
1055 897 1106 921 tua
1125 895 1200 923 festa

926 932 1034 959 Nostra
1053 932 1129 960 male
1148 934 1232 969 gesta

924 970 1038 1005 Tei-gat,
1058 972 1092 996 ut
1113 970 1251 998 ducamur

920 1006 992 1033 Post
1012 1008 1092 1039 haec,
1113 1016 1169 1042 quo
1193 1007 1323 1036 fruamur

923 1044 1007 1072 Dono
1028 1053 1098 1072 suae
1117 1046 1231 1080 gratiae

922 1082 1016 1109 Laeta.
1034 1090 1088 1110 sua
1105 1083 1189 1110 facie.

276 1163 338 1191 226.
359 1164 515 1192 Simonis
536 1167 649 1193 comitis
670 1168 699 1192 et
717 1168 861 1193 sociorum
882 1169 1040 1201 martyrum
1061 1166 1087 1194 4.
1103 1168 1176 1204 Aug.
1191 1165 1252 1203 [fol.
1267 1167 1351 1205 8412}
1385 1170 1490 1198 Ausser

200 1202 249 1229 der
267 1202 402 1229 Kollekte
421 1211 475 1229 nur
495 1205 559 1230 eine
579 1202 610 1236 Α,
630 1204 786 1239 mitgeteilt
801 1204 886 1231 Anal.
906 1204 988 1238 XIII,
1009 1204 1037 1232 S.
1059 1204 1085 1231 7.

271 1284 335 1312 227.
361 1286 547 1313 stanislai
575 1284 717 1322 [episcopi
744 1285 972 1323 Cracoviensis]‚
1002 1288 1029 1316 ὓ.
1056 1289 1130 1316 Maii
1158 1288 1220 1326 [fol.
1251 1289 1352 1327 157b].
1402 1292 1424 1319 Α
1451 1294 1489 1320 acl

196 1324 291 1359 Magn.
314 1321 338 1349 1.
354 1323 441 1358 Vesp.
461 1332 513 1351 aus
533 1323 596 1351 dem
616 1323 750 1352 Officium
769 1325 852 1352 Anal.
873 1326 907 1359 V,
928 1326 978 1352 Nr.
999 1324 1043 1353 81.

268 1404 333 1434 228.
347 1407 440 1434 Swib
449 1410 535 1440 etti,
550 1409 678 1443 episcopi
689 1411 719 1435 et
727 1408 908 1443 confessoris,
920 1408 1037 1438 LMart.
1048 1408 1201 1449 [foi-5521}
1221 1414 1295 1441 Ine:
1311 1415 1357 1442 De
1369 1418 1486 1451 patroni

197 1444 292 1478 gloria
313 1445 404 1471 nostri
424 1445 587 1480 gloriemur.
627 1444 644 1473 3
666 1445 705 1471 ΑΑ
725 1447 782 1473 und
806 1446 892 1473 Invit.
913 1456 964 1475 aus
986 1448 1049 1476 dem
1070 1449 1150 1476 Offic.
1170 1451 1255 1478 Anal.
1276 1452 1311 1486 V,
1332 1453 1383 1480 Nr.
1403 1452 1449 1481 82.

270 1526 333 1555 229.
353 1528 558 1556 Theobaldi
583 1531 769 1562 confessoris,
796 1528 840 1557 30.
864 1532 944 1559 Iunii
961 1529 1022 1567 [fol.
1055 1531 1153 1569 losa}
1191 1535 1257 1570 Vgl.
1278 1537 1330 1564 das·
1351 1538 1486 1567 Officium

199 1565 282 1592 Anal.
302 1566 438 1598 XXVIII,
458 1567 506 1593 Nr.
531 1565 568 1593 74
589 1568 620 1593 in
640 1567 689 1594 der
708 1568 791 1595 Note.

268 1646 331 1676 230.
351 1650 567 1682 Theodardi,
583 1653 711 1686 episcopi
724 1654 753 1679 et
765 1655 907 1687 martyris,
924 1651 967 1681 10.
982 1654 1059 1691 Sept.
1074 1653 1135 1691 [fol.
1152 1654 1205 1685 193
1213 1655 1251 1694 a].
1278 1660 1384 1688 Ausser
1400 1663 1481 1689 einer

196 1686 380 1722 prosaischen
401 1685 422 1712 Α
443 1687 575 1723 folgende
594 1689 790 1724 nachtr'aglich
808 1691 993 1727 beigefiigten
1012 1694 1116 1721 Versa:

603 1754 627 1781 O
646 1754 816 1783 Theodartle
835 1757 943 1791 inclite,

638 1791 762 1820 Patrone
782 1793 844 1820 Deo
864 1797 954 1829 grate,

606 1829 690 1856 Omni
708 1831 816 1858 virtute
835 1833 972 1867 praedste,

640 1867 702 1893 Iam
723 1867 809 1904 digne
829 1870 990 1906 sublimate,

602 1904 713 1938 Martyr
733 1906 789 1933 Dei
808 1908 942 1941 pretiose,

604 1941 789 1970 Praedicator
808 1946 943 1978 gratiose,

639 1979 764 2014 Magnae
783 1982 828 2007 vir
847 1983 1025 2018 prudentiae,

603 2017 675 2044 Toto
698 2018 783 2045 corde
803 2018 939 2053 dilexisti,

603 2054 660 2082 Pro
681 2063 737 2089 quo
757 2058 878 2083 mortem
898 2059 1051 2095 pertulisti,

643 2091 797 2127 Christum,
818 2102 915 2130 regem
934 2096 1054 2130 gloriae.

270 2170 333 2200 231.
353 2174 598 2212 Theodulphi,
620 2177 781 2213 presbyteri
801 2186 836 2205 ac
856 2181 998 2215 monachi,
1019 2181 1044 2209 2.
1064 2183 1138 2212 Maii
1159 2183 1218 2222 [fol.
1243 2186 1341 2226 1552}

306 2239 339 2266 A.
364 2240 387 2267 Ο
407 2239 492 2268 decus
513 2240 692 2277 Germaniae,
711 2253 813 2272 norma
832 2248 1002 2282 sanctitatis,

359 2277 464 2305 Astans
483 2280 684 2309 invocantibus
704 2283 788 2310 vultu
807 2283 945 2311 bonitatis

361 2315 431 2341 Vita
450 2316 667 2352 desperantibus
687 2320 779 2355 sig-nis
799 2321 949 2349 salvantur
968 2322 1005 2359 U:
1027 2325 1094 2353 ades
1103 2323 1130 2362 ἲ]
1145 2329 1246 2362 gratis,

361 2351 426 2390 (Per
446 2351 484 2389 te)
502 2354 697 2395 Theodolphe,
717 2357 819 2395 (pater)
839 2359 946 2395 inclite,
968 2370 1021 2390 nos
1042 2364 1130 2400 iunge
1150 2373 1215 2393 cum
1236 2368 1336 2403 beatis,
