1655 2534
689 105 915 141 —75—

474 196 522 227 26.
555 197 598 229 De
617 205 658 229 ss.
677 198 840 238 Monulpho
861 197 893 230 et
912 198 943 229 et
963 197 1150 237 (landulpho,

292 256 336 288 In
364 256 393 288 1.
420 258 527 296 Vesp
541 259 636 290 eris.

340 320 433 356 Super
452 321 592 349 Psalmos.

154 377 193 408 A.
229 376 428 409 Gaudeamus
454 381 486 409 et
510 379 654 410 caelestis

277 424 372 456 lubili
395 426 566 464 praeconia

228 471 392 502 Imitemur
412 471 445 503 in
471 472 519 504 his
545 471 635 505 festis

277 517 433 550 Concordi
459 519 591 558 laetitia,

227 564 344 603 Quibus
369 565 459 597 nobis
485 569 557 597 sunt
582 568 743 600 laudanda

275 611 403 643 Domini
427 613 584 653 magnalia

225 657 267 689 Et
294 662 476 691 sanctorum
500 659 701 699 imploranda

276 705 459 737 Praesulum
484 705 641 747 suffragia.

183 786 192 795 .
223 761 398 794 Immortali
421 762 615 794 saeculorum

276 808 357 848 Regi
380 808 449 839 laus
473 810 506 840 et
529 809 630 849 gloria

226 855 261 886 ln
282 856 463 886 sanctorum
490 854 702 888 confessorum

274 902 441 933 Promatur
470 903 630 942 memoria,

227 949 311 987 Quos
339 948 461 989 dilexit,
488 958 560 981 nam
579 952 714 989 paterna

270 995 411 1027 Munitos
437 996 580 1027 custodia

224 1042 285 1075 Die
310 1042 395 1074 vexit
419 1042 572 1074 hodierna

270 1089 323 1120 Ad
349 1089 427 1120 eaeli
450 1088 586 1129 fastigia,

181 1162 188 1169 .
223 1136 361 1174 Quorum
386 1136 468 1167 rexit
493 1138 528 1167 ut
551 1136 676 1169 interna

270 1182 422 1214 Paraeliti
447 1183 558 1222 gratia.

342 1256 387 1284 Ad
406 1256 584 1292 Magnifieat.

184 1341 191 1347 .
224 1314 410 1353 Magnificet
435 1314 568 1346 eeclesia

225 1361 343 1399 Regem
368 1360 600 1401 magnificentia

227 1407 397 1447 Christum,
423 1408 476 1447 qui
500 1416 572 1447 spes
600 1411 648 1440 est
672 1410 762 1442 unica

224 1453 421 1494 Sanctorum,
446 1463 522 1494 quos
547 1454 682 1488 mirifica

226 1502 285 1534 1110
309 1501 476 1541 insignitos
500 1503 603 1541 gratia

225 1549 375 1581 l'erduxit
399 1549 440 1581 ad
467 1548 625 1584 caelestia.

282 1643 345 1675 Ad
371 1642 638 1677 Matutinum.

353 1699 569 1727 Invitatorium.

220 1747 271 1780 Ad
299 1746 419 1779 Christi
443 1748 645 1786 praeconium

265 1794 424 1825 lnvitetur
448 1793 543 1826 hodie

220 1841 398 1874 Conventus
424 1840 565 1873 fidelium

266 1888 500 1929 Congaudendo
526 1888 646 1928 gloriae

218 1937 386 1969 Beatorum
411 1936 603 1977 praesulum,

214 1983 281 2022 Qua
306 1983 446 2024 gaudent
466 1984 500 2015 in
523 1985 697 2018 saeculum.

275 2068 321 2101 In
349 2070 378 2102 1.
407 2068 628 2103 Noetorno.

355 2124 551 2160 Antiphonae.

154 2173 183 2206 1.
211 2173 283 2205 Non
307 2174 340 2205 in
367 2173 419 2204 via
448 2176 649 2212 peecatorum

258 2221 319 2253 Pes
346 2229 453 2252 eorum
479 2220 630 2261 substitit,

215 2268 279 2302 Sed
301 2268 334 2299 in
358 2268 429 2306 lege
448 2268 668 2301 mandatorum

256 2315 316 2347 Dei
340 2315 422 2355 iugis
449 2315 570 2347 exstitit

214 2363 285 2397 Illis
309 2362 485 2403 meditatio,

212 2411 313 2444 Actus
339 2418 409 2444 eum
434 2408 570 2451 e16quio.

847 260 877 291 2.

846 550 877 583 3.

845 886 875 919 1.

829 1072 867 1105 V.

844 1225 875 1256 2.

831 1410 866 1442 V.

830 1514 859 1546 3.

903 259 940 290 In
969 259 1118 290 virtutum
1141 258 1273 290 stabiliti

953 306 1064 337 Monte
1088 305 1270 337 transitoria

905 352 1138 385 Conculearunt
1166 352 1283 384 eruditi

951 400 1037 431 Vera
1060 399 1227 440 sapientia,

905 446 1002 478 Unde
1025 454 1109 477 nune
1134 445 1283 477 caelestia

906 493 1072 525 Possident
1097 501 1166 525 cum
1190 493 1300 533 gloria.

902 549 971 581 Vox
997 558 1104 580 eorum
1129 557 1187 590 pro
1214 548 1377 580 commissa

951 597 1049 628 Plebe
1074 595 1144 628 fusa
1167 596 1281 636 iugiter

902 644 1000 682 Apud
1023 643 1127 683 ipsum
1152 646 1198 673 est
1223 642 1369 681 admissa,

952 690 1011 729 Qui
1036 693 1084 721 est
1109 688 1281 721 efficaciter

905 736 1001 768 Iustis
1027 737 1204 779 exsultatio,

905 783 1006 824 Salus,
1033 783 1220 816 benedictio.

1039 838 1244 874 Respousoria.

901 886 1071 917 Recolatur
1095 886 1174 917 haee
1199 886 1348 917 decenter

949 933 1134 964 Praesulum
1158 930 1324 970 festivitas,

899 978 981 1017 Quos
1006 979 1139 1010 bearunt
1164 978 1394 1017 praecellenter

945 1025 1053 1064 Fides,
1080 1034 1153 1064 spes
1179 1028 1209 1055 et
1235 1024 1368 1067 caritas3

896 1072 996 1103 Beata·
1021 1081 1139 1111 omnes,
1167 1072 1223 1110 Qui
1246 1072 1360 1104 timent
1381 1072 1444 1104 Do-

900 1119 1037 1161 minum,
1065 1119 1122 1158 Qui
1145 1119 1313 1151 [ambulant
1336 1119 1374 1150 sia„
1388 1120 1444 1150 vite

901 1174 978 1198 ems.

903 1222 1055 1255 Normam
1080 1230 1213 1262 sequens
1240 1222 1418 1254 ‘auctitatis

950 1269 1142 1308 Monulphus
1167 1270 1324 1300 attollitur

898 1315 943 1348 Et
965 1320 999 1348 at
1025 1317 1145 1348 culmen
1172 1315 1333 1356 dignitatis

950 1363 1151 1395 Praesulatus
1176 1363 1318 1403 rapitur3

897 1409 988 1452 Eece,
1010 1410 1158 1442 sacerdos
1174 1418 1322 1450 maenus,
1341 1410 1395 1449 Qui
1412 1411 1446 1441 m

899 1456 1007 1489 diebus
1031 1457 1099 1488 suis
1118 1455 1249 1500 placuit
1273 1456 1353 1488 Dee.

894 1513 989 1545 Ortus
1012 1514 1130 1545 mundo
1155 1513 1316 1552 generosis

948 1560 1159 1600 Gundulphus
1184 1560 1342 1592 natalibus

898 1608 995 1647 Apud
1020 1607 1179 1639 Christum
1204 1616 1377 1639 numerosis

944 1654 1072 1686 Effulsit
1097 1654 1273 1695 virtutibusv

897 1701 1061 1742 Quoniam
1065 1701 1265 1741 praevenisti
1279 1712 1359 1745 eum,
1379 1702 1446 1735 Do-

897 1749 993 1792 mine,
1012 1749 1047 1780 in
1062 1749 1331 1781 benedictionibus
1345 1749 1447 1782 dulea-

898 1796 993 1829 dinis.

955 1873 1001 1904 ln
1028 1874 1059 1905 2.
1085 1872 1315 1905 Nocturno.

1035 1928 1230 1965 Antiphonae.

896 1976 1006 2017 Tuam,
1035 1976 1170 2015 Christe,
1200 1976 1362 2016 perfecisti

943 2024 1086 2057 Laudem
1113 2033 1152 2056 ex
1176 2024 1323 2063 operibus

895 2070 1027 2112 Horum,
1054 2080 1131 2110 quos
1155 2070 1343 2102 constituisti

942 2118 1019 2150 Tuis
1045 2118 1141 2150 duces
1166 2118 1325 2157 gregibus,

895 2165 978 2203 Quos
1002 2166 1180 2197 transvexit
1200 2166 1350 2197 sanetitas

892 2211 993 2244 Maris
1018 2212 1110 2244 buius
1135 2212 1272 2247 semitas.

893 2269 1125 2309 Praepotenter
1154 2271 1331 2302 conservati

941 2316 1050 2347 Hostis
1077 2315 1116 2347 ab
1142 2316 1311 2349 insultibus

895 2363 971 2395 Vias
997 2364 1082 2395 vitae
1105 2366 1180 2396 sunt
1203 2366 1315 2398 sectati

942 2410 1108 2444 Inoffensis
1132 2412 1304 2457 gressibus,
