1655 2534
742 147 1000 182 —172—

288 246 422 279 Cunctas
447 246 532 287 pelle
555 245 665 277 sordes
690 252 820 283 morum,

332 292 543 324 confessorum
569 292 694 330 optime.

231 350 263 381 4.
291 348 387 380 Pater
410 351 527 387 sancte,
553 347 620 379 Deo
647 355 727 382 care,

336 395 410 427 Cum
435 403 529 434 prece
553 394 680 426 assidua

291 440 421 480 Semper
446 441 602 473 Christum
630 441 801 480 deprecare

335 490 396 520 Pro
424 488 539 519 dilecta
564 487 695 519 Andria.

231 545 263 576 5.
290 544 439 576 Obtulisti
464 543 587 575 Christo
616 543 726 574 laudes

336 590 453 622 Gerens
479 597 565 628 spem
593 590 632 620 de
655 589 804 630 praemio,

287 635 382 669 Unde
408 636 500 675 digne
525 638 560 666 tu
586 635 760 674 congaudes

331 682 481 714 Abrahae
503 683 536 713 in
561 682 688 721 gremio.

409 764 454 791 Ad
473 763 649 800 Magnificat.

223 831 263 862 A.
294 830 419 863 Gaudet
444 831 555 862 chorus
581 829 794 862 confessorum

337 877 440 908 Aucto
465 886 523 916 pro
550 877 689 917 collegio,

290 922 474 955 Gratulatur
506 926 610 954 coetus
635 924 745 955 horum

338 970 446 1001 Nobili
472 970 650 1009 praeconio,

291 1016 419 1048 Plaudit
444 1016 543 1047 omnis
568 1017 747 1056 angelorum

340 1063 526 1095 Reverenda
550 1063 642 1103 legio,

293 1109 433 1141 Offerens
458 1110 523 1148 regi
549 1110 689 1148 polorum

336 1156 527 1187 Richardum
555 1164 623 1186 cum
648 1156 772 1195 gaudio,

356 1287 384 1317 A
398 1286 416 1317 d
442 1285 706 1317 Matutinum.

423 1369 634 1396 Invitatoriurn.

297 1434 422 1466 Summo
447 1435 514 1474 regi
537 1435 703 1465 iubilemus

344 1481 547 1520 Redemptori
572 1481 700 1520 optimo,

295 1528 408 1564 Corde,
435 1536 490 1558 ore
515 1528 714 1558 decantemus

343 1574 418 1605 Cum
443 1574 603 1605 Richardo
630 1573 772 1612 AnglicO.

351 1703 396 1734 In
425 1704 454 1735 1.
483 1702 711 1735 Nocturno.

438 1786 629 1821 Antiphonae.

238 1851 268 1884 1.
296 1851 486 1883 Generosum
512 1851 640 1882 trahens
663 1855 765 1882 ortum

343 1899 436 1931 Clara
462 1899 501 1930 de
524 1898 682 1937 prosapia,

296 1946 391 1978 Cuius
417 1946 500 1976 vitae
525 1946 647 1985 sprevit
671 1949 795 1983 portum

340 1992 488 2023 Tendens
513 1993 554 2023 ad
579 1991 736 2023 sublimia.

236 2048 267 2079 2.
296 2047 371 2080 Cum
394 2050 519 2087 optaret
540 2048 627 2087 sequi
652 2047 808 2079 Christum

340 2094 450 2126 Noxae
472 2094 565 2134 pulsa
585 2094 717 2133 macula,

294 2141 501 2173 Pertransivit
524 2142 674 2174 mundum
699 2141 793 2172 istum
811 2138 814 2141 '

336 2188 423 2219 Petri
448 2197 517 2219 cum
540 2188 694 2220 navicula.

236 2243 267 2275 3.
294 2243 495 2277 Confidenter
518 2245 568 2276 vir
593 2244 703 2276 beatus

342 2291 499 2330 Properat
522 2292 555 2322 in
580 2291 736 2323 Andm'am

292 2335 337 2368 Et
357 2346 376 2368 a
399 2339 494 2370 Petro
519 2337 705 2370 informatus

340 2384 436 2423 Optat
461 2385 544 2416 vitae
568 2385 709 2425 gloriam.

1101 238 1317 274 Responsoria.

905 298 936 331 1.
964 298 1132 336 Postquam
1150 304 1275 327 cursum
1290 296 1524 327 consummavit

1010 344 1122 374 Almus
1150 343 1267 375 Christi
1293 342 1419 373 villicus

962 391 1076 423 Portas
1101 390 1186 421 vitae
1208 389 1390 428 penetravit

1014 437 1143 468 Praesul
1168 436 1372 475 apostolicus,

965 483 1022 515 Cui
1046 484 1147 514 laetus
1170 482 1312 514 obviavit

1013 529 1135 561 Cuneus
1161 529 1338 569 angelicus;

926 600 934 608 .
965 576 1086 615 Corpus
1112 576 1178 606 eius
1202 575 1370 606 honoravit

964 622 1010 654 Et
1035 622 1147 653 devote
1172 622 1337 653 collocavit

1013 669 1198 701 Andr-ianus
1223 669 1370 709 populus.

931 750 938 758 .
967 724 1094 756 Caelum
1117 726 1197 764 petit
1221 725 1435 763 triumphator

1015 771 1092 803 Cum
1117 772 1236 811 ingenti
1261 771 1371 810 gloria,

966 819 1151 850 Animorum
1176 818 1352 849 illustrator

1012 864 1129 905 Fulget
1150 865 1183 895 in
1209 864 1368 901 memoria,

967 911 1064 949 Quem
1090 911 1231 943 admittit
1254 911 1319 950 poli
1345 915 1432 943 sator

1016 958 1130 989 Purum
1158 958 1226 989 sine
1250 958 1364 997 scoria,

967 1004 1047 1035 Eum
1074 1004 1171 1035 mittit
1195 1004 1280 1035 vitae
1302 1005 1394 1036 dator

1014 1051 1109 1082 Lucis
1134 1051 1176 1082 ad
1200 1051 1373 1092 praetoria,

930 1121 937 1128 .
969 1097 1061 1128 Vitae
1084 1106 1177 1128 cursu
1200 1101 1412 1129 consummato

1016 1144 1126 1183 Pergit
1150 1144 1191 1175 ad
1216 1144 1374 1178 aetherea,

969 1190 1070 1221 Hoste
1095 1191 1184 1222 vadit
1207 1191 1400 1229 triumphato

1016 1238 1068 1268 Ad
1096 1245 1191 1277 regna
1213 1237 1349 1268 siderea.

937 1318 944 1325 .
971 1293 1167 1332 Propagator
1192 1293 1345 1330 veritatis,

969 1339 1055 1370 Rosa
1078 1338 1202 1379 fulgens
1227 1340 1365 1378 pietatis,

1018 1386 1179 1417 Richarde
1203 1385 1395 1424 beatissime,

970 1433 1081 1472 Voces,
1108 1441 1219 1471 preces
1244 1433 1291 1463 tui
1316 1433 1393 1463 cleri

971 1478 1097 1518 Dirigas
1122 1479 1163 1510 ad
1189 1487 1294 1520 regem
1321 1480 1411 1517 caeli,

1018 1525 1042 1557 Ο
1068 1529 1160 1564 pater
1184 1526 1399 1566 sanctissime3

930 1597 937 1604 .
967 1572 1080 1603 Pastor
1105 1572 1252 1612 clemens,
1278 1573 1404 1612 praesul
1430 1574 1493 1613 pie,

1015 1618 1067 1649 Ad
1092 1621 1124 1649 te
1148 1621 1271 1657 spectat
1294 1619 1427 1660 Andria,

968 1666 1043 1704 Ipsa
1069 1665 1144 1696 colit
1166 1665 1199 1696 in
1221 1665 1280 1696 hac
1303 1666 1352 1697 dio

1011 1711 1108 1742 Festa
1134 1712 1178 1742 tui
1205 1721 1317 1745 annua.

1033 1815 1080 1846 In
1105 1815 1391 1847 2.Noctu1·no.

1115 1888 1309 1924 Antiphonae.

937 1970 944 1977 .
971 1946 1128 1977 Andriam
1153 1946 1333 1977 Richardus

1018 1992 1113 2023 Petro
1138 1993 1252 2023 missus
1278 1993 1362 2024 venit

970 2038 1015 2069 Et
1037 2038 1069 2069 in
1096 2042 1189 2078 porta
1210 2039 1363 2079 plurimos

1015 2085 1180 2124 languidos
1205 2086 1335 2118 invenit.

936 2166 943 2174 .
971 2141 1109 2180 Cumque
1133 2142 1269 2180 populus
1294 2144 1441 2182 poposcit

1016 2188 1101 2219 vitae
1125 2188 1301 2228 sanitatem,

969 2234 1121 2267 Obtinore
1144 2236 1258 2266 meruit

1012 2282 1126 2313 mentis
1147 2282 1342 2321 sospitatem.

911 2338 942 2371 3.
969 2338 1108 2377 Populus
1134 2341 1182 2369 est
1206 2339 1384 2372 illustratus

1014 2385 1108 2417 Fidei
1133 2387 1295 2426 mysterio,
