1655 2534
728 142 981 178 -154—

271 245 370 279 Dolor
394 245 426 275 et
447 251 572 274 maeror
596 240 732 273 omnium

274 290 475 325 Convertitur
496 289 529 320 in
554 288 710 328 gaudium,

202 340 239 372 V.
270 338 354 380 Quia
386 335 565 369 consolatus
590 337 634 366 est
655 331 819 365 Dominus

265 384 426 426 populum
448 391 553 414 suum.

332 486 379 518 1n
403 487 434 518 2.
460 485 517 516 No
528 486 686 516 cturn0.

415 558 607 593 Antiphonae.

224 618 253 650 1.
282 616 342 655 Qui
365 615 514 647 Romanis
539 612 735 653 principibus

277 662 455 701 Assumptis
481 664 512 692 et
536 659 699 693 comitibus

274 710 504 747 Prosperantur
528 707 563 738 in
585 705 727 738 omnibus

277 755 370 788 Fusis
395 755 455 786 hac
477 754 552 785 illac
576 752 727 784 hostibus.

245 838 253 847 .
278 811 425 850 Arreptis
450 809 576 849 quidam
599 807 732 839 navibus

278 857 378 890 Maris
403 858 537 895 pereunt
560 854 715 893 fluctibus,

279 904 348 937 Nec
372 906 456 934 tutus
483 906 551 933 erat
574 902 697 940 uspiam

279 951 382 983 Locus
406 949 514 980 tuendi
538 948 725 988 quempiam.

248 1032 256 1040 .
283 1005 459 1039 Gloriosum
484 1012 523 1035 ex
547 1003 687 1035 hostibus

281 1051 488 1090 Triumphum
510 1049 719 1081 referentibus

282 1098 463 1131 Exsultavit
487 1098 520 1127 in
542 1097 656 1136 gaudio

280 1144 361 1177 Tota
386 1144 526 1175 Romana
551 1143 664 1174 contio.

252 1227 260 1235 .
285 1199 416 1232 Debitas
441 1208 535 1238 agens
560 1199 677 1238 gratias

284 1247 430 1279 Advocat
453 1245 509 1276 hos
533 1245 701 1277 Zacharias

283 1292 465 1325 Mercedem
490 1292 704 1323 transitoriam

283 1338 409 1371 Donare
433 1347 490 1379 pro
512 1338 654 1370 victoria.

252 1420 259 1428 .
286 1394 344 1432 Qui
368 1394 527 1425 miraculis
552 1394 707 1425 celebrem

284 1441 456 1481 Quirinum,
483 1441 600 1473 Christi
623 1443 803 1480 martyrem,

288 1488 380 1521 Cuius
406 1485 520 1517 famam
544 1488 718 1525 audierant,

288 1533 370 1566 Prae
394 1533 535 1575 omnibus
561 1534 751 1564 desiderant,

254 1616 262 1624 .
287 1589 347 1622 His
372 1588 488 1620 auditis
513 1587 675 1627 obstupuit

292 1635 495 1673 Tandemque
517 1633 620 1665 libens
644 1635 764 1675 annuit,

290 1681 423 1714 Salubre
450 1681 527 1711 dans
553 1681 716 1711 consilium

292 1728 424 1760 Romam
449 1727 595 1758 mittendi
618 1728 771 1758 nuntium.

426 1800 629 1835 Responsoria.

258 1886 264 1893 .
289 1858 389 1897 Igitur
414 1866 482 1888 cum
505 1857 628 1888 laetitia

292 1905 496 1937 Revertentes
520 1904 562 1935 ad
585 1903 717 1942 propria

292 1951 428 1984 Utouem
452 1950 605 1989 quendam
632 1951 750 1989 eligunt

290 1998 434 2037 Eumque
457 1997 589 2028 Romam
613 1997 774 2036 dirigunt,

253 2070 261 2078 .
292 2044 415 2078 semita
437 2043 517 2075 iusti
540 2044 626 2075 recta
651 2046 713 2083 cst,
749 2042 840 2074 callis

293 2091 372 2123 iusti
396 2091 440 2123 ad
462 2089 706 2123 ambulandum.

262 2173 269 2181 .
296 2147 392 2180 Cuius
417 2147 575 2187 signorum
600 2146 701 2185 gloria

295 2194 377 2226 Tota
401 2194 499 2233 pollet
527 2193 672 2235 Bavaria,

297 2240 417 2280 Corpus
441 2240 579 2272 athletae
603 2239 687 2271 beati

297 2287 401 2320 Noetu
425 2286 568 2319 referunt
591 2287 696 2326 legati.

257 2359 265 2366 .
297 2334 360 2375 Qui
381 2344 449 2366 ‘non
472 2336 593 2373 aceffit
614 2334 651 2364 in
673 2342 756 2365 vano
774 2331 833 2363 ani

294 2390 383 2413 mam
405 2390 509 2414 suam.

887 239 918 270 3.

944 237 1155 268 Romanorum
1180 231 1331 266 antistitis

943 284 992 316 Ut
1014 282 1159 314 instructi
1183 282 1257 312 sunt
1280 277 1416 317 monitis,

945 330 1006 361 Via
1030 329 1201 369 gaudentes
1226 325 1292 357 alia.

945 377 1093 408 Redeunt
1118 375 1157 407 ab
1182 373 1286 411 Italia,

947 423 990 455 Ut
1012 423 1097 455 irent
1125 422 1165 453 in
1188 420 1348 453 civitatem
1370 415 1495 448 habita-

946 469 1054 502 tionis.

945 525 1077 557 Athleta
1098 524 1160 556 Dei
1184 521 1330 561 Quirinus

950 572 1086 604 Odorem
1112 569 1201 610 quasi
1225 568 1366 600 Libanus

949 619 1031 651 Suae
1056 617 1146 649 nobis
1172 615 1303 647 notitiae

947 664 1168 696 Manifestavit
1192 661 1297 699 hodie,

911 738 918 745 ,
947 711 1037 744 Sicut
1066 711 1309 743 cinnamomum
1339 708 1368 738 et
1392 705 1498 738 balsae

948 768 1039 790 ‘mum
1063 755 1292 789 aromatizans.

1018 880 1061 912 In
1091 881 1122 913 3.
1148 879 1374 910 Nocturno.

1096 953 1142 979 Ad
1163 952 1293 979 Cantica.

954 1010 1157 1050 Legationem
1182 1008 1335 1040 mittimus

953 1058 1006 1097 Et,
1033 1065 1113 1096 quae
1135 1056 1223 1096 pacis
1248 1059 1331 1094 sunt,
1358 1054 1503 1093 petimus,

954 1104 1073 1143 Regem
1099 1103 1190 1135 nobis
1214 1101 1354 1133 iustitiae

956 1151 1061 1190 Placa,
1086 1153 1208 1189 martyr
1234 1148 1358 1180 eximie.

1092 1223 1298 1260 Responsoria.

924 1308 931 1315 .
957 1282 1123 1313 Accedunt
1148 1280 1274 1320 quidam
1298 1283 1418 1310 temere

958 1328 1106 1360 Sanctum
1132 1335 1245 1367 corpus
1269 1326 1437 1365 inspicere,

961 1375 1021 1414 Qui
1044 1378 1203 1414 tamquam
1226 1373 1292 1405 ictu
1315 1372 1450 1412 fulguris

959 1422 1080 1453 Puncto
1105 1423 1240 1461 pereunt
1263 1419 1426 1459 temporis

961 1465 1186 1508 Ooyitaverunt
1225 1466 1380 1504 consilia,

957 1523 1024 1545 ‘non
1041 1516 1218 1554 potueram
1239 1512 1392 1546 stabilire.

1430 1474 1512 1505 quae

928 1593 936 1601 .
962 1569 1111 1601 Sanctum
1136 1578 1248 1609 corpus
1273 1567 1448 1600 ferentibus

962 1617 1068 1656 Prope
1091 1617 1166 1648 litus
1190 1615 1385 1656 sedentibus,

963 1663 1030 1701 Quo
1054 1663 1187 1703 languor
1212 1662 1312 1693 omnis
1335 1662 1477 1701 pellitur,

962 1709 1048 1740 Fons
1071 1710 1139 1741 illio
1164 1709 1266 1741 dulcis
1291 1709 1411 1749 oritur3

959 1755 1145 1788 Altissz‘mus
1186 1756 1304 1789 creavit
1344 1756 1382 1788 de
1425 1759 1514 1788 terra

963 1803 1167 1836 medicinam.

932 1883 940 1890 .
964 1859 1080 1890 Tribus
1105 1860 1189 1891 hunc
1212 1860 1432 1891 sacerdotibus

964 1906 1003 1937 In
1027 1906 1166 1938 tumbam
1192 1906 1449 1938 submittentibus

966 1953 1048 1984 Fuso
1073 1962 1131 1992 pro
1158 1953 1275 1986 Christi
1299 1954 1426 1984 nomine

965 1999 1092 2030 Maduit
1117 2000 1221 2031 adhuc
1244 2000 1408 2039 sanguine,

926 2068 933 2074 .
966 2044 1128 2084 Quoniam
1163 2045 1318 2085 mirificat
1353 2046 1518 2079 Dominus

967 2094 1116 2123 sanctum
1138 2102 1245 2126 suum.

936 2171 944 2179 .
966 2147 990 2179 O
1017 2148 1134 2180 Christi
1161 2148 1374 2189 dilectissime,

969 2195 1099 2233 Quirine
1121 2195 1312 2237 beatissime,

969 2241 1045 2272 Tuis
1070 2242 1223 2274 instantes
1246 2243 1395 2275 laudibus

970 2288 1046 2319 Tuis
1071 2290 1182 2321 attolle
1205 2290 1363 2330 precibus,

971 2335 1016 2367 Ut
1037 2337 1184 2368 translati
1209 2337 1250 2368 de
1271 2338 1356 2369 vitiis

971 2382 1064 2414 Vitae
1089 2381 1231 2417 fruamur
1256 2385 1390 2427 deliciis,
