1655 2534
792 124 1043 159 -114—

343 222 404 254 Per
426 222 517 253 istius
541 221 603 253 loci

343 268 495 301 Patronos
521 271 553 298 et
576 267 743 307 principes,

341 314 386 347 Ut
408 313 536 346 fraudes
561 314 696 346 hostium

341 360 441 393 Nobis
465 361 679 393 insidiantium

391 407 534 449 dissipes,

341 453 387 486 Ut
410 454 565 484 caelorum
590 460 764 483 mereamur

389 509 456 531 esse
479 499 650 539 participes

301 574 307 579 .
338 546 375 577 In
398 546 458 577 hac
481 548 594 576 etenim
618 545 725 576 mundi
743 544 882 576 vanitate

338 593 458 624 Pressis
484 592 660 623 calamitate

339 639 423 677 Opus
449 642 504 680 est,
531 641 566 668 ut
589 645 752 668 succurras

339 684 437 716 Solita
460 684 587 723 pietate.

305 765 312 772 .
337 739 411 770 Iesu
435 739 568 777 Christe,
594 738 697 768 lumen
723 737 812 776 caeli,

338 785 445 817 Noxas
471 784 619 824 Stygialis
644 785 699 815 teli

337 831 440 862 Pellas
465 840 484 862 a
505 830 598 872 plebe
622 829 708 862 fideli

338 877 436 908 Prece
460 880 638 908 sanctorum

333 924 396 955 Hic
421 924 625 963 conditorum,

298 995 305 1002 .
337 970 519 1002 Miserando
542 979 633 1002 serva
658 969 790 1001 famulos

335 1016 496 1048 Laudibus
529 1017 655 1048 sedulos

334 1063 385 1094 Ad
411 1063 574 1095 beatorum
598 1063 743 1096 tumulos,

280 1121 309 1150 ⁴.
337 1120 397 1150 Per
420 1128 476 1149 sua
499 1127 629 1150 munera
653 1119 796 1151 Christus

381 1165 423 1196 ad
442 1165 570 1196 aethera
596 1165 689 1196 ducat
713 1174 830 1206 eorum,

333 1211 399 1242 Nos
421 1211 540 1242 meritis
566 1220 695 1251 quorum

378 1257 430 1288 hic
464 1259 567 1296 passci
593 1258 666 1298 dat,
699 1267 799 1299 regna
822 1268 878 1299 po-

655 1305 765 1348 lorum,

296 1373 303 1382 .
336 1350 373 1382 In
397 1359 525 1382 numero
550 1359 680 1390 quorum

377 1397 501 1436 pariter
525 1398 678 1429 laetemur
702 1407 818 1432 eorum.

299 1477 305 1483 .
332 1452 419 1484 Caeli
445 1455 548 1484 turma
570 1453 716 1494 laetatur,

332 1499 370 1530 In
395 1508 456 1538 qua
481 1502 585 1530 coetus
611 1500 787 1542 adiuvatur,

333 1545 499 1577 Hominum
525 1549 703 1578 sanctorum

331 1591 376 1623 Et
399 1592 598 1632 angelorum3

333 1638 357 1669 O
383 1638 515 1669 societas
539 1639 684 1682 iucunda,

333 1683 406 1715 Sine
430 1683 491 1715 fine
516 1685 707 1718 laetabunda

331 1729 417 1768 Quae
442 1731 515 1762 dum
537 1740 660 1771 semper

376 1777 443 1816 regi
467 1787 522 1809 suo
546 1779 679 1819 plaudit,

334 1823 470 1854 Iubilum
493 1825 592 1863 ipsius

378 1868 450 1901 finis
472 1879 534 1902 non
557 1872 693 1912 claudit3

295 1940 301 1948 .
332 1916 452 1949 Trahat
474 1926 530 1948 nos
556 1926 628 1957 ergo
653 1922 726 1958 post
747 1929 782 1952 se

331 1963 370 1994 Vi
394 1963 575 1995 meritorum

329 2009 383 2041 Ad
408 2011 595 2042 consortium
620 2012 792 2046 beatorum.

386 2093 434 2125 In
460 2096 492 2127 3.
517 2094 741 2131 Nocturno.

471 2158 517 2186 Ad
537 2159 662 2188 Cantica,

294 2234 301 2243 .
331 2213 399 2244 Rex
424 2215 511 2255 caeli,
537 2217 619 2256 Iesu,

377 2261 492 2292 vetitae
516 2272 572 2294 nos
597 2264 719 2296 arboris
744 2274 799 2297 esu

328 2305 425 2344 Erige
447 2311 621 2346 prostratos

374 2361 432 2390 per
455 2358 579 2387 sanctos
603 2357 656 2388 hic
677 2359 856 2399 tumulatos,

1013 218 1150 256 Quorum
1175 217 1238 248 iam
1265 216 1364 247 donas

1058 264 1222 296 animabus
1243 263 1275 294 in
1293 262 1405 294 aethre
1423 270 1564 294 coronas,

1149 338 1355 374 Responsoria.

952 396 983 430 1.
1010 396 1034 428 Ο
1061 396 1172 437 sancti,
1199 403 1328 435 quorum
1357 393 1485 425 tumulis

1009 442 1174 481 Obsequiis
1199 442 1252 473 hic
1275 441 1395 472 sedulis

1009 489 1179 529 Servinms,
1206 488 1320 520 vestris
1347 486 1473 518 famulis

1007 536 1166 567 Faventes
1191 534 1357 566 subvenite

1008 582 1189 614 Pandentes
1214 583 1323 620 portas
1349 581 1444 614 vitae.

939 628 977 660 V.
1007 628 1165 660 Memores
1190 628 1292 659 nostri
1318 630 1419 658 estote

1005 676 1112 714 Atque
1127 673 1348 706 invocantibus
1366 682 1421 705 vos
1437 674 1558 706 devote.

950 731 982 764 2.
1009 731 1153 763 Christus
1179 730 1352 761 amicorum

1055 778 1198 816 placatus
1224 785 1331 808 amore
1356 785 1483 808 suorum

1007 824 1071 855 Hic
1093 824 1320 855 tumulatorum

1057 880 1113 902 nos
1135 873 1235 910 ponat
1254 871 1288 901 in
1314 879 1388 902 arce
1404 870 1557 910 polorum,

937 916 974 948 V.
1011 918 1118 951 Virtus
1143 926 1198 949 san
1203 921 1323 949 ctorum

1054 973 1262 1005 magnumque
1301 965 1396 996 decus
1430 964 1555 996 merito-

1333 1020 1413 1044 rum.

936 1057 974 1090 R.
1006 1057 1184 1097 Spectablis
1211 1061 1260 1088 est
1282 1058 1370 1089 locus
1395 1058 1465 1100 iste,

1009 1105 1046 1136 In
1068 1114 1128 1144 quo
1154 1108 1202 1136 tot
1225 1104 1287 1136 sita
1312 1108 1385 1136 sunt

1010 1151 1153 1191 Corpora
1178 1154 1359 1183 sanctorum

1007 1197 1076 1229 Deo
1101 1200 1272 1238 gratorum,

1008 1244 1067 1283 Qui
1093 1248 1125 1275 te
1149 1248 1316 1284 sequentes
1342 1246 1493 1277 caelicum

1007 1291 1138 1331 Ducem,
1165 1292 1270 1324 Iesum
1296 1292 1465 1332 Christum,

1008 1338 1100 1370 Cives
1126 1341 1201 1370 sunt
1224 1340 1427 1380 angelorum3

937 1383 974 1417 V.
1006 1385 1125 1425 Culpae
1149 1384 1255 1417 faeces
1280 1395 1338 1426 per
1362 1386 1474 1417 horum

1008 1432 1123 1463 Preces
1150 1433 1296 1472 detergas
1322 1441 1428 1465 omnes

1005 1478 1049 1510 Et
1072 1488 1129 1510 nos
1151 1479 1309 1511 insomnes

1006 1525 1060 1557 Ad
1084 1526 1244 1564 quaelibet
1268 1526 1352 1559 bona

1004 1572 1086 1603 Esse
1112 1572 1203 1613 dona,

1004 1619 1049 1651 Ut
1072 1619 1119 1649 sic
1144 1628 1320 1662 curramus,

1003 1665 1050 1697 Ut
1075 1667 1388 1706 comprehendamus

1089 1798 1137 1829 In
1161 1797 1244 1829 Lau
1260 1799 1394 1835 dibus,

1151 1871 1346 1908 Antiphouae.

945 1926 974 1958 1.
1000 1926 1107 1958 Induit
1132 1928 1189 1960 hos
1214 1929 1368 1962 Dominus

1047 1975 1182 2008 Animae
1208 1976 1332 2017 decore,

998 2020 1076 2052 Ossa
1100 2022 1304 2055 nihilominus

1048 2067 1220 2101 Tumulans
1248 2070 1378 2105 honore.

943 2123 973 2154 2,
1001 2123 1060 2155 Cui
1085 2126 1187 2157 sancti
1211 2128 1392 2161 servierunt

1048 2170 1180 2211 Semper
1204 2174 1239 2205 in
1262 2175 1396 2216 laetitia,

1000 2216 1077 2249 Eius
1102 2222 1213 2257 portas
1237 2221 1438 2255 intraverunt

1045 2265 1209 2297 Praeduce
1233 2267 1366 2302 institia.

940 2317 971 2348 3.
999 2319 1218 2352 Adhaerentes
1242 2326 1316 2361 post
1339 2333 1374 2356 se
1395 2325 1456 2358 Dei

1046 2364 1189 2398 Dextera
1213 2370 1363 2411 suscepit,
