1655 2534
632 86 893 122 *139—

116 179 311 208 Gisterciense
336 188 411 208 saee-
438 177 513 208 ¹³l14.
554 180 623 208 Ood.
648 182 807 210 Eremiten.
834 180 881 209 92.
900 182 924 209 Ι,
949 196 987 200 -
1011 181 1116 209 Diurn.
1140 189 1193 208 ms.
1214 182 1415 217 Wettingense

115 226 191 245 saec.
219 215 263 244 14.
285 217 354 245 Cod.
375 218 533 254 Araugien,
552 219 592 246 W
616 217 636 246 4
662 218 688 247 9.
713 220 750 247 K.
778 233 815 237 ——-
844 220 928 247 Brev.
947 227 1001 245 ms.
1020 218 1255 254 Langheimense
1273 226 1348 246 saec.
1370 216 1414 246 14.

117 254 187 283 Cod.
206 255 398 292 Bambergen.
418 255 466 283 Ed
483 257 526 284 IV
548 255 591 284 10.
614 257 649 283 L.
671 272 705 276 —-
726 258 811 284 Brev.
830 265 884 284 ms.
904 256 1161 283 Lichtenthalense
1181 263 1256 283 saec.
1271 254 1315 283 15.
1345 255 1414 283 Cod.

116 292 322 321 Carolsruhan.
338 294 372 321 L.
389 290 433 320 15.
446 293 487 321 M.
508 308 545 313 —
565 292 612 320 ΑΑ
627 295 665 322 ad
677 295 765 330 Vesp.
781 296 810 321 et
822 294 905 322 Noct.
922 295 1011 321 sowie
1022 294 1141 321 Invitat.
1156 302 1211 320 nur
1223 293 1362 320 Alleluia.
1378 309 1416 314 -—

111 331 153 358 In
181 328 205 357 1.
231 330 336 367 Vesp.
361 331 399 359 ad
422 331 520 368 Magn.
548 330 576 365 Α,
597 329 616 358 2
643 334 729 368 teque
755 332 874 359 decorat
892 331 962 366 DE3
989 330 1063 358 fehlt
1081 330 1113 358 Ο.
1140 344 1177 349 —
1202 331 1244 359 In
1268 330 1293 358 1.
1312 331 1412 359 Noct.

113 368 132 395 Β
159 366 188 402 4,
208 366 226 395 5
252 371 350 396 monte
377 369 471 397 stadio
498 371 531 396 G.
557 383 594 388 ——
622 366 642 395 Β
669 369 697 403 4,
718 367 736 396 8
760 369 930 397 Bonevallis
956 369 987 396 C.
1012 382 1048 388 -—
1074 369 1115 396 In
1132 366 1159 395 2.
1178 368 1282 396 Noct.
1307 366 1327 394 Β
1347 366 1374 401 2,
1396 367 1414 396 6

113 407 205 433 cliens
231 406 273 433 im
292 406 384 434 Sinne
403 415 462 434 von
482 408 621 443 armiger-3
647 408 706 443 vgl.
727 408 776 434 Du
796 405 893 443 Gange
913 414 936 433 s.
952 415 980 433 v.
1001 406 1101 434 cliens.
1119 420 1159 425 —
1179 405 1197 431 Β
1218 404 1244 440 3,
1263 405 1278 433 1
1299 405 1323 433 Ο
1342 405 1415 433 fehlt

114 444 144 471 O.
177 458 213 462 —
243 440 263 468 Β
291 442 325 477 4,
349 443 363 471 1
388 445 460 472 flore
483 445 548 472 DE.
572 458 611 463 —
636 444 679 472 In
704 442 732 471 3.
758 444 857 472 Noct.
886 442 906 470 Β
938 442 970 477 2,
991 441 1009 471 8
1034 447 1063 471 et
1089 445 1248 471 amatorum
1276 442 1312 478 05
1344 451 1416 470 aura

113 489 236 508 morum.
265 480 301 508 E.
328 496 367 501 —
394 480 415 508 Β
440 480 467 519 3,
489 480 507 509 2
532 482 592 510 Sub
620 482 696 510 almo
724 482 824 509 concio
852 482 883 510 C.
907 496 944 500 -—
974 479 994 507 Β
1014 480 1041 516 4,
1063 479 1080 508 6
1105 481 1199 508 titulis
1226 481 1301 508 fehlt
1320 480 1350 507 G.
1378 494 1415 500 -

113 517 178 552 3-4,
200 516 234 545 11
256 522 302 546 est
320 520 457 548 caelestis
477 520 509 548 C.
530 536 568 540 —
587 520 627 547 In
647 519 757 548 Laud.
781 517 813 554 Α,
834 518 852 546 2
871 519 944 547 fehlt
962 519 994 546 G.

560 620 609 651 50.
649 621 691 651 De
712 619 818 650 sancto
838 618 973 651 Placido.

256 691 302 724 In
328 691 358 724 1.
386 690 603 731 vesperis,
921 689 969 721 In
994 689 1026 723 1.
1052 689 1283 722 Nooturno,

327 765 523 800 Antiphonae.
1008 763 1204 798 Antiphonae.

122 822 154 854 1.
179 821 334 863 Martyris
358 822 470 853 invicti
807 819 839 852 1.
864 820 965 852 Roma
988 823 1099 858 potens
1123 819 1289 851 Placidum

226 868 353 900 Placidi
379 868 524 900 victricia
547 869 637 907 gesta
911 865 999 897 felici
1022 866 1157 906 protulit
1179 867 1260 904 ortu,

178 914 302 947 Efferat
324 916 358 947 in
384 914 504 946 caelum
865 912 924 945 Cui
949 912 1043 944 datur
1066 913 1100 944 in
1124 912 1230 944 Siculo

226 971 316 994 sacra
342 961 445 993 contio
470 970 547 994 voce
569 960 723 992 modesta.
910 957 986 990 fidei
1010 959 1141 990 victoria
1163 961 1268 997 portu.

122 1020 152 1050 2.
180 1018 342 1050 Patricum
362 1017 498 1057 suboles,
808 1016 840 1046 2.
866 1014 974 1055 Stirpe
997 1017 1083 1046 satus
1107 1013 1232 1055 Flavia,

226 1068 350 1105 martyr
386 1073 509 1105 quoque
542 1066 618 1103 post
647 1072 735 1095 mon-
911 1061 1036 1093 suboles
1059 1062 1115 1100 pia
1137 1061 1354 1100 patriciorum,

503 1111 658 1149 achatum‚
863 1108 1071 1148 splendorem
1094 1107 1218 1148 generis

180 1159 325 1191 Obtinuit
348 1158 469 1190 meritis
909 1155 1081 1187 cumulavit
1096 1154 1237 1194 pondere
1254 1162 1385 1186 morum.

225 1207 394 1238 caelestem
417 1205 628 1245 patriciatum.
804 1212 836 1246 3.
860 1211 892 1243 IS
916 1220 976 1242 usu
999 1211 1108 1243 mundj

120 1265 152 1297 3.
178 1263 256 1295 Post
279 1261 390 1302 flagra,
416 1264 489 1301 post
513 1260 614 1293 fustes
910 1258 1131 1297 desiderioque
1153 1257 1265 1289 relicto

227 1309 347 1342 Christi
369 1309 529 1349 iugulatus
554 1316 661 1339 amore
861 1305 921 1337 Est
945 1313 1045 1345 prope
1069 1305 1230 1344 septennis

176 1356 265 1388 Emit
289 1355 377 1388 felici
908 1360 988 1391 puer
1012 1352 1137 1384 oblatus
1161 1350 1344 1385 BenedictO.

226 1403 287 1436 sibi
313 1403 430 1435 caelica
454 1410 552 1442 regna
577 1409 698 1434 cruore.
803 1410 834 1441 4,
860 1408 987 1441 Ordinis
1013 1410 1045 1440 et
1065 1408 1152 1440 vitae

116 1463 149 1494 4.
175 1460 239 1492 Pro
264 1460 326 1492 sibi
352 1457 475 1492 devotis
910 1455 996 1494 capit
1019 1458 1106 1487 aetas
1131 1454 1238 1487 vivida
1262 1463 1415 1494 normam,

223 1507 357 1539 humiles
383 1505 546 1538 fundendo
567 1506 716 1544 precatus
859 1503 927 1542 Qua
950 1501 1166 1542 praeceptoris

174 1554 296 1594 Expiet,
318 1555 470 1586 humanos
905 1550 1012 1581 valeat
1033 1548 1216 1588 resculpere
1240 1547 1383 1582 formam.

222 1601 316 1634 SOHta
339 1602 459 1643 Pietate
483 1602 600 1632 reatus·
803 1607 834 1640 5.
860 1607 983 1646 Raptus
1009 1606 1097 1646 aquis
1122 1605 1240 1637 virtute
1263 1605 1365 1645 patris

290 1676 337 1703 Ad
355 1674 534 1711 Magnificat.
902 1653 1072 1707 Maurique
1093 1652 1215 1706 latore,

228 1733 235 1739 ·
858 1701 930 1733 Non
954 1702 1060 1740 potult
1080 1699 1193 1739 rapido

102 1736 143 1767 A·
172 1733 276 1766 Umce
293 1735 431 1787 fnanyr’
458 1740 526 1772 ave’
621 1777 628 1784 .
650 1778 657 1785 .
904 1747 1028 1780 sorberi
1053 1746 1185 1787 gurgitis
1210 1754 1275 1779 ore,

222 1782 303 1813 Gaeh
326 1789 409 1820 rosa,
434 1777 493 1811 flos
517 1777 669 1819 parad1s1,
800 1806 831 1840 6·
854 1804 1004 1844 Mal-tyrii
1027 1804 1120 1836 titulo

173 1828 231 1861 Gai
254 1827 383 1869 peperit
407 1826 504 1858 Vitam
903 1851 1047 1883 sublimis
1068 1851 1102 1883 in
1126 1850 1204 1882 orbe
1227 1849 1352 1882 futurus

225 1876 337 1916 capitis
361 1874 485 1906 iactura
508 1872 656 1913 praecisi,
856 1901 1015 1933 Instant&
1041 1898 1143 1931 evasit
1166 1906 1263 1938 aquas

171 1924 249 1966 Fac,
274 1922 402 1965 placide
425 1922 535 1953 vivant
982 1946 988 1952 ι
1106 1946 1113 1952 .

219 1970 345 2003 Placidi
368 1968 541 2002 munimine
563 1966 624 1999 fisi,
904 1946 1011 1988 gladio
1035 1948 1216 1979 moriturus.

233 2066 294 2098 Ad
319 2064 591 2097 Matutinum.
889 2098 896 2105 .
998 2031 1204 2104 uesponsona.

802 2099 832 2133 l.
857 2099 917 2131 V1r
940 2096 1017 2129 fide1
1042 2097 1145 2136 dlgne,

304 2140 521 2168 Invitatorium.
903 2153 1006 2185 poena
1032 2144 1180 2176 decoctus
1206 2145 1239 2174 et
1265 2142 1348 2182 igne,

170 2199 257 2232 Voto
281 2197 438 2230 communi
859 2192 975 2224 Hostia
997 2189 1036 2223 fit
1059 2191 1133 2223 viva

218 2245 303 2278 trino
327 2245 496 2277 iubilemus
522 2246 553 2275 et
577 2243 642 2282 uni,
908 2239 991 2271 veris
1015 2237 1166 2270 mutando
1193 2237 1316 2270 cadiva.

173 2294 231 2327 Cui
254 2293 371 2325 meruit
394 2292 519 2327 Placidi
790 2288 827 2322 V.
857 2287 934 2319 Flos
959 2288 1047 2318 satus
1071 2286 1105 2317 in
1129 2284 1221 2324 spina

220 2349 295 2374 vere
319 2341 373 2381 pia
396 2340 464 2373 vita
487 2339 626 2380 placere.
909 2333 1055 2374 coquitur
1079 2334 1223 2364 torrente
1248 2332 1374 2372 pruina.
