1655 2534
749 148 789 153 —
842 128 1003 162 236——

360 227 405 259 In
432 228 463 260 3.
489 226 716 259 Nocturno.

444 299 633 334 Antiphonae.

268 380 275 388 .
303 356 467 396 Signorum
493 356 552 387 hoe
575 355 697 386 initium

352 404 516 435 Ostensum
543 406 590 432 est
614 400 797 441 virginibus,

301 450 388 488 Quod
413 457 471 488 per
496 449 557 480 diei
581 448 715 487 spatium

346 496 390 527 Et
413 496 512 526 noetis
537 494 638 526 Rheni
662 492 807 524 fiuctibus

346 542 540 574 Invehuntur
565 540 717 573 dulcibus.

268 622 275 629 .
303 597 505 636 Metropolim
531 595 725 636 Germaniae,

350 643 509 675 Coloniam
536 642 700 681 egregiam,

302 689 441 720 Futurae
467 688 550 719 cives
574 688 714 719 advenae

347 735 514 766 Cernentes
539 733 639 774 figunt
662 743 819 766 ancoram.

267 814 274 821 .
301 791 337 822 In
363 794 456 829 portu
480 791 568 829 quasi
592 790 669 827 lilia,

349 837 435 875 Quae
451 839 524 867 sunt
537 836 571 867 in
587 845 686 875 aquae
697 836 842 876 transitu,

298 882 434 915 Undena
457 883 545 914 salva
568 883 656 913 milia

348 929 518 967 Quiescunt
542 929 659 968 absque
683 929 826 969 strepitu.

431 1030 635 1064 Responsoria.

264 1116 270 1124 .
299 1094 402 1126 Caede
425 1098 555 1133 peraeta
578 1096 732 1134 virginum

297 1141 458 1172 Lictorum
484 1142 701 1172 exterminium

295 1186 371 1218 Mox
396 1187 495 1218 virtus
521 1188 616 1218 ultrix
643 1187 795 1218 scelerum

345 1233 545 1272 Persequitur
572 1234 687 1273 divina,

296 1278 377 1310 Nam
403 1280 569 1311 trucidatis
594 1280 712 1311 similes

298 1325 338 1356 Se
361 1331 581 1365 persequentes
607 1327 689 1357 acies

296 1370 333 1403 In
358 1372 452 1403 armis
477 1372 557 1403 albis
581 1373 678 1412 agiles

344 1417 427 1449 Gens
452 1419 551 1449 cernit
573 1419 728 1458 belluina;

256 1488 263 1495 .
294 1462 380 1495 Nutu
404 1464 464 1495 Dei

344 1509 459 1549 fugatis
484 1511 625 1542 hostibus

296 1555 365 1587 Pax
391 1557 534 1588 redditur

347 1611 504 1633 concussis
531 1603 661 1636 civibus,

264 1681 271 1687 .
298 1658 390 1689 Felix
412 1659 516 1697 tellus,

344 1703 430 1736 felici
454 1705 603 1744 sanguine

297 1751 381 1789 Quae
405 1759 494 1782 roseo

340 1797 469 1828 madens
493 1802 528 1829 ut
551 1797 676 1830 flumine

299 1843 445 1883 Virgineo

347 1890 472 1921 dotatur
497 1891 638 1930 agmine3

258 1957 264 1964 .
295 1935 421 1968 Extunc
445 1937 554 1968 humus
580 1938 696 1969 ossium

345 1982 455 2015 Custos
479 1983 651 2023 beatorum,

297 2029 366 2061 Non
392 2030 519 2061 admisit
543 2031 697 2070 reliquum

344 2075 463 2115 Corpus
490 2075 718 2110 defunctorum.

235 2154 239 2159 ε
266 2158 272 2164 .
297 2132 387 2163 Haec
412 2135 460 2163 est
486 2133 562 2173 dies,

342 2187 433 2218 quam
460 2178 536 2210 feeit
561 2179 723 2220 Dominus,

296 2225 371 2256 Dies
396 2224 493 2257 festus

345 2272 501 2303 caelorum
527 2273 656 2313 civibus,

293 2317 331 2349 In
357 2327 418 2357 qua
441 2328 523 2351 nova

340 2364 395 2395 lux
420 2369 490 2398 orta
513 2366 666 2407 tristibus,

940 1909 947 1916 .
972 1886 1093 1917 Bonum
1117 1895 1263 1918 canamus
1290 1888 1446 1919 canticum

975 224 1043 255 Pax
1067 221 1213 262 terrenis,

1019 270 1087 300 laus
1112 268 1154 300 sit
1180 266 1379 299 caelestibus.

934 339 941 347 .
970 315 1110 348 Puellari
1137 315 1176 347 de
1200 313 1359 352 triumpho

1019 363 1144 394 laudem
1171 364 1287 393 canunt
1311 359 1427 399 angeli,

974 409 1102 441 Civitati
1127 416 1206 448 pace
1231 408 1308 439 data

1019 456 1156 495 gaudent
1182 455 1267 486 cives
1293 452 1418 492 singuli.

1056 586 1102 617 In
1127 583 1355 616 Laudibus.

1121 666 1314 702 Antiphonae.

937 758 944 765 .
970 732 1117 774 Regnans
1143 736 1256 773 regnat
1280 732 1443 769 Dominus,

969 780 1089 812 Mundo
1114 779 1216 811 factus
1242 779 1411 810 comminus

1018 826 1129 859 Carnis
1154 835 1212 866 per
1236 825 1401 857 materiam

970 874 1067 912 Quam
1092 873 1191 904 traxit
1216 873 1256 903 de
1280 872 1412 911 virgine,

971 919 1132 959 Virginum
1156 920 1190 950 in
1215 919 1338 958 agmine

1014 966 1143 998 Ludens
1167 964 1383 996 multifariam.

937 1047 944 1054 .
972 1023 1080 1054 Omnis
1105 1024 1192 1052 terra
1215 1021 1337 1059 iubilet‚

970 1068 1136 1100 Iubilando
1163 1067 1300 1098 celebret

1016 1115 1144 1146 Festum
1171 1113 1336 1153 virginale,

970 1160 1007 1192 1n
1033 1170 1093 1199 quo
1120 1160 1205 1191 canit
1230 1160 1318 1190 curia

969 1206 1132 1246 Virginum
1158 1207 1197 1238 de
1220 1206 1322 1246 gloria

1016 1253 1120 1285 Melos
1143 1253 1344 1292 triumphale.

936 1331 943 1339 .
970 1312 1054 1341 Ante
1078 1310 1178 1340 lucem
1204 1308 1374 1340 Dominum

969 1355 1063 1387 Lucis
1089 1359 1194 1387 coetus
1219 1355 1375 1394 virginum

1015 1402 1215 1442 Exspectans
1241 1410 1311 1432 cum
1335 1402 1463 1439 lumine,
1487 1438 1490 1441 ¹

970 1449 1023 1480 Ad
1048 1449 1121 1488 agni
1145 1448 1333 1487 convivium,

970 1495 1053 1527 Dum
1079 1498 1127 1526 est
1149 1498 1262 1534 patens
1287 1495 1411 1534 ostium,

1016 1543 1121 1574 Intrat
1144 1542 1228 1573 laeto
1254 1542 1403 1574 carmine.

938 1622 945 1629 .
971 1597 1168 1629 Benedicant
1192 1598 1296 1628 omnia

971 1643 1034 1675 Sua
1058 1645 1159 1676 Deum
1185 1652 1292 1683 opera,

1016 1690 1121 1722 Bonus
1144 1690 1217 1730 quia
1239 1690 1403 1732 Dominus,

972 1738 1165 1776 Angelorum
1190 1737 1319 1768 ordines

971 1783 1107 1823 Caelum,
1132 1784 1237 1824 teum,
1264 1784 1405 1816 homines

1016 1830 1060 1862 Et
1084 1831 1167 1870 quod
1192 1831 1241 1862 his
1264 1830 1408 1863 inferius.

971 1932 1153 1964 Laudantes
1179 1934 1258 1965 caeli
1285 1913 1457 1973 dominum?

1018 1979 1076 2017 Qui
1101 1978 1179 2011 facit
1202 1981 1370 2020 mirabilia²

969 2024 1209 2057 Iuvencularum
1233 2027 1391 2066 virginum

969 2071 1008 2103 In
1033 2075 1181 2112 tympano
1208 2074 1387 2105 canentium

1013 2118 1098 2150 Laus
1124 2119 1190 2150 eius
1214 2120 1248 2151 in
1273 2121 1416 2153 ecclesia..

1090 2210 1133 2238 Ad
1156 2211 1340 2240 Benedictus.

932 2299 940 2308 .
969 2277 1083 2309 Assint
1106 2279 1185 2310 caeli
1209 2278 1419 2319 philomenae,

967 2322 1014 2356 Ut
1038 2325 1203 2357 concordis
1229 2327 1404 2359 cantilenae

1017 2371 1211 2404 Resonemus
1235 2374 1365 2406 vocibus
