<?xml version="1.0" encoding="UTF-8"?>
<!DOCTYPE html PUBLIC "-//W3C//DTD XHTML 1.0 Transitional//EN"
    "http://www.w3.org/TR/xhtml1/DTD/xhtml1-transitional.dtd">
<html xmlns="http://www.w3.org/1999/xhtml" xml:lang="en" lang="en">
 <head>
  <title>
</title>
<meta http-equiv="Content-Type" content="text/html;charset=utf-8" />
  <meta name='ocr-system' content='tesseract 3.04.00' />
  <meta name='ocr-capabilities' content='ocr_page ocr_carea ocr_par ocr_line ocrx_word'/>
</head>
<body>
  <div class='ocr_page' id='page_1' title='image "./analectahymnica28drevuoft_00061.png"; bbox 0 0 1655 2534; ppageno 0'>
   <div class='ocr_carea' id='block_1_1' title="bbox 641 192 1033 226">
    <p class='ocr_par' dir='ltr' id='par_1_1' title="bbox 641 192 1033 226">
     <span class='ocr_line' id='line_1_1' title="bbox 641 192 1033 226; baseline -0.01 -1"><span class='ocrx_word' id='word_1_1' title='bbox 641 195 688 226; x_wconf 79' lang='lat'>20.</span> <span class='ocrx_word' id='word_1_2' title='bbox 714 194 757 226; x_wconf 85' lang='lat' dir='ltr'>De</span> <span class='ocrx_word' id='word_1_3' title='bbox 775 193 883 224; x_wconf 80' lang='lat' dir='ltr'>sancta</span> <span class='ocrx_word' id='word_1_4' title='bbox 902 192 1033 224; x_wconf 79' lang='lat' dir='ltr'>Martha.</span> 
     </span>
    </p>
   </div>
   <div class='ocr_carea' id='block_1_2' title="bbox 326 264 670 304">
    <p class='ocr_par' dir='ltr' id='par_1_2' title="bbox 326 264 670 304">
     <span class='ocr_line' id='line_1_2' title="bbox 326 264 670 304; baseline -0.003 -6"><span class='ocrx_word' id='word_1_5' title='bbox 326 265 373 298; x_wconf 92' lang='lat' dir='ltr'>In</span> <span class='ocrx_word' id='word_1_6' title='bbox 401 266 430 298; x_wconf 81' lang='lat'>1.</span> <span class='ocrx_word' id='word_1_7' title='bbox 459 264 670 304; x_wconf 83' lang='lat' dir='ltr'>Vesperis.</span> 
     </span>
    </p>
   </div>
   <div class='ocr_carea' id='block_1_3' title="bbox 402 349 593 384">
    <p class='ocr_par' dir='ltr' id='par_1_3' title="bbox 402 349 593 384">
     <span class='ocr_line' id='line_1_3' title="bbox 402 349 593 384; baseline -0.01 -7"><span class='ocrx_word' id='word_1_8' title='bbox 402 349 593 384; x_wconf 81' lang='lat' dir='ltr'>Antiphonae.</span> 
     </span>
    </p>
   </div>
   <div class='ocr_carea' id='block_1_4' title="bbox 207 415 642 455">
    <p class='ocr_par' dir='ltr' id='par_1_4' title="bbox 207 415 642 455">
     <span class='ocr_line' id='line_1_4' title="bbox 207 415 642 455; baseline -0.005 -7"><span class='ocrx_word' id='word_1_9' title='bbox 207 416 239 448; x_wconf 87' lang='grc'>1.</span> <span class='ocrx_word' id='word_1_10' title='bbox 270 416 389 455; x_wconf 83' lang='lat' dir='ltr'>Gaude,</span> <span class='ocrx_word' id='word_1_11' title='bbox 415 415 492 447; x_wconf 81' lang='lat' dir='ltr'>felix</span> <span class='ocrx_word' id='word_1_12' title='bbox 515 415 642 447; x_wconf 80' lang='lat' dir='ltr'>visitata</span> 
     </span>
    </p>
   </div>
   <div class='ocr_carea' id='block_1_5' title="bbox 196 1438 231 1469">
    <p class='ocr_par' dir='ltr' id='par_1_5' title="bbox 196 1438 231 1469">
     <span class='ocr_line' id='line_1_5' title="bbox 196 1438 231 1469; baseline 0 0"><span class='ocrx_word' id='word_1_13' title='bbox 196 1438 231 1469; x_wconf 71' lang='lat' dir='ltr'>R.</span> 
     </span>
    </p>
   </div>
   <div class='ocr_carea' id='block_1_6' title="bbox 266 461 752 595">
    <p class='ocr_par' dir='ltr' id='par_1_6' title="bbox 266 461 752 595">
     <span class='ocr_line' id='line_1_6' title="bbox 309 461 752 497; baseline -0.011 -2"><span class='ocrx_word' id='word_1_14' title='bbox 309 464 371 495; x_wconf 88' lang='lat' dir='ltr'>Per</span> <span class='ocrx_word' id='word_1_15' title='bbox 394 462 551 494; x_wconf 86' lang='lat' dir='ltr'>Martham</span> <span class='ocrx_word' id='word_1_16' title='bbox 577 461 752 497; x_wconf 76' lang='lat' dir='ltr'>Provincia,</span> 
     </span>
     <span class='ocr_line' id='line_1_7' title="bbox 266 507 716 548; baseline -0.004 -8"><span class='ocrx_word' id='word_1_17' title='bbox 266 509 295 540; x_wconf 81' lang='lat' dir='ltr'>A</span> <span class='ocrx_word' id='word_1_18' title='bbox 317 518 378 548; x_wconf 85' lang='lat' dir='ltr'>qua</span> <span class='ocrx_word' id='word_1_19' title='bbox 401 508 460 539; x_wconf 87' lang='lat' dir='ltr'>tibi</span> <span class='ocrx_word' id='word_1_20' title='bbox 482 509 537 539; x_wconf 81' lang='lat' dir='ltr'>lux</span> <span class='ocrx_word' id='word_1_21' title='bbox 562 510 609 539; x_wconf 88' lang='lat' dir='ltr'>est</span> <span class='ocrx_word' id='word_1_22' title='bbox 634 507 716 548; x_wconf 85' lang='lat' dir='ltr'>data,</span> 
     </span>
     <span class='ocr_line' id='line_1_8' title="bbox 310 554 640 595; baseline -0.006 -9"><span class='ocrx_word' id='word_1_23' title='bbox 310 555 402 586; x_wconf 80' lang='lat' dir='ltr'>Vitae</span> <span class='ocrx_word' id='word_1_24' title='bbox 424 555 511 595; x_wconf 87' lang='lat' dir='ltr'>prius</span> <span class='ocrx_word' id='word_1_25' title='bbox 531 554 640 585; x_wconf 83' lang='lat' dir='ltr'>inscia.</span> 
     </span>
    </p>
   </div>
   <div class='ocr_carea' id='block_1_7' title="bbox 262 617 730 797">
    <p class='ocr_par' dir='ltr' id='par_1_7' title="bbox 262 617 730 705">
     <span class='ocr_line' id='line_1_9' title="bbox 262 617 730 658; baseline -0.004 -7"><span class='ocrx_word' id='word_1_26' title='bbox 262 620 353 652; x_wconf 87' lang='lat' dir='ltr'>Hanc</span> <span class='ocrx_word' id='word_1_27' title='bbox 375 628 433 658; x_wconf 91' lang='lat' dir='ltr'>per</span> <span class='ocrx_word' id='word_1_28' title='bbox 456 619 562 650; x_wconf 88' lang='lat' dir='ltr'>orbem</span> <span class='ocrx_word' id='word_1_29' title='bbox 588 617 730 651; x_wconf 87' lang='lat' dir='ltr'>venerari</span> 
     </span>
     <span class='ocr_line' id='line_1_10' title="bbox 310 664 596 705; baseline -0.01 -7"><span class='ocrx_word' id='word_1_30' title='bbox 310 664 459 705; x_wconf 79' lang='lat' dir='ltr'>Congruit</span> <span class='ocrx_word' id='word_1_31' title='bbox 482 664 596 705; x_wconf 86' lang='lat' dir='ltr'>officio,</span> 
     </span>
    </p>

    <p class='ocr_par' dir='ltr' id='par_1_8' title="bbox 265 710 678 797">
     <span class='ocr_line' id='line_1_11' title="bbox 265 710 661 743; baseline -0.003 0"><span class='ocrx_word' id='word_1_32' title='bbox 265 712 357 743; x_wconf 84' lang='lat' dir='ltr'>Cuius</span> <span class='ocrx_word' id='word_1_33' title='bbox 382 711 468 743; x_wconf 84' lang='lat' dir='ltr'>venit</span> <span class='ocrx_word' id='word_1_34' title='bbox 491 710 661 742; x_wconf 86' lang='lat' dir='ltr'>ministrari</span> 
     </span>
     <span class='ocr_line' id='line_1_12' title="bbox 310 757 678 797; baseline 0 -8"><span class='ocrx_word' id='word_1_35' title='bbox 310 758 451 790; x_wconf 81' lang='lat' dir='ltr'>Christus</span> <span class='ocrx_word' id='word_1_36' title='bbox 474 758 507 789; x_wconf 90' lang='lat' dir='ltr'>in</span> <span class='ocrx_word' id='word_1_37' title='bbox 532 757 678 797; x_wconf 82' lang='lat' dir='ltr'>hospitio.</span> 
     </span>
    </p>
   </div>
   <div class='ocr_carea' id='block_1_8' title="bbox 229 823 651 862">
    <p class='ocr_par' dir='ltr' id='par_1_9' title="bbox 229 823 651 862">
     <span class='ocr_line' id='line_1_13' title="bbox 229 823 651 862; baseline -0.007 -6"><span class='ocrx_word' id='word_1_38' title='bbox 229 849 236 856; x_wconf 94' lang='lat'><strong><em>.</em></strong></span> <span class='ocrx_word' id='word_1_39' title='bbox 263 824 354 855; x_wconf 80' lang='lat' dir='ltr'>Circa</span> <span class='ocrx_word' id='word_1_40' title='bbox 378 823 463 854; x_wconf 82' lang='lat' dir='ltr'>cuius</span> <span class='ocrx_word' id='word_1_41' title='bbox 488 823 651 862; x_wconf 84' lang='lat' dir='ltr'>satagebat</span> 
     </span>
    </p>
   </div>
   <div class='ocr_carea' id='block_1_9' title="bbox 263 869 749 1002">
    <p class='ocr_par' dir='ltr' id='par_1_10' title="bbox 263 869 749 1002">
     <span class='ocr_line' id='line_1_14' title="bbox 306 869 714 911; baseline -0.007 -9"><span class='ocrx_word' id='word_1_42' title='bbox 306 870 467 909; x_wconf 83' lang='lat' dir='ltr'>Frequens</span> <span class='ocrx_word' id='word_1_43' title='bbox 498 869 714 911; x_wconf 72' lang='lat' dir='ltr'>ministerium,</span> 
     </span>
     <span class='ocr_line' id='line_1_15' title="bbox 263 916 749 949; baseline -0.004 0"><span class='ocrx_word' id='word_1_44' title='bbox 263 917 307 949; x_wconf 88' lang='lat' dir='ltr'>Ut</span> <span class='ocrx_word' id='word_1_45' title='bbox 334 917 490 948; x_wconf 84' lang='lat' dir='ltr'>caelorum</span> <span class='ocrx_word' id='word_1_46' title='bbox 514 917 597 947; x_wconf 89' lang='lat' dir='ltr'>hunc</span> <span class='ocrx_word' id='word_1_47' title='bbox 620 916 749 947; x_wconf 82' lang='lat' dir='ltr'>timebat</span> 
     </span>
     <span class='ocr_line' id='line_1_16' title="bbox 311 963 679 1002; baseline -0.003 -9"><span class='ocrx_word' id='word_1_48' title='bbox 311 964 480 994; x_wconf 82' lang='lat' dir='ltr'>Tenentem</span> <span class='ocrx_word' id='word_1_49' title='bbox 505 963 679 1002; x_wconf 79' lang='lat' dir='ltr'>imperium.</span> 
     </span>
    </p>
   </div>
   <div class='ocr_carea' id='block_1_10' title="bbox 233 1027 735 1060">
    <p class='ocr_par' dir='ltr' id='par_1_11' title="bbox 233 1027 735 1060">
     <span class='ocr_line' id='line_1_17' title="bbox 233 1027 735 1060; baseline 0 -2"><span class='ocrx_word' id='word_1_50' title='bbox 233 1052 239 1058; x_wconf 95' lang='lat'>.</span> <span class='ocrx_word' id='word_1_51' title='bbox 268 1028 391 1060; x_wconf 82' lang='lat' dir='ltr'>Christo</span> <span class='ocrx_word' id='word_1_52' title='bbox 417 1027 516 1059; x_wconf 86' lang='lat' dir='ltr'>frater</span> <span class='ocrx_word' id='word_1_53' title='bbox 540 1027 735 1059; x_wconf 77' lang='lat' dir='ltr'>accumbenti</span> 
     </span>
    </p>
   </div>
   <div class='ocr_carea' id='block_1_11' title="bbox 265 1074 708 1208">
    <p class='ocr_par' dir='ltr' id='par_1_12' title="bbox 265 1074 708 1208">
     <span class='ocr_line' id='line_1_18' title="bbox 310 1074 653 1113; baseline -0.003 -7"><span class='ocrx_word' id='word_1_54' title='bbox 310 1074 481 1106; x_wconf 78' lang='lat' dir='ltr'>Redivivus</span> <span class='ocrx_word' id='word_1_55' title='bbox 505 1074 653 1113; x_wconf 83' lang='lat' dir='ltr'>iungitur,</span> 
     </span>
     <span class='ocr_line' id='line_1_19' title="bbox 265 1120 708 1160; baseline -0.002 -8"><span class='ocrx_word' id='word_1_56' title='bbox 265 1121 360 1152; x_wconf 84' lang='lat' dir='ltr'>Soror</span> <span class='ocrx_word' id='word_1_57' title='bbox 382 1120 511 1152; x_wconf 87' lang='lat' dir='ltr'>verbum</span> <span class='ocrx_word' id='word_1_58' title='bbox 534 1120 708 1160; x_wconf 84' lang='lat' dir='ltr'>proferenti</span> 
     </span>
     <span class='ocr_line' id='line_1_20' title="bbox 311 1165 702 1208; baseline 0 -9"><span class='ocrx_word' id='word_1_59' title='bbox 311 1167 406 1199; x_wconf 83' lang='lat' dir='ltr'>Secus</span> <span class='ocrx_word' id='word_1_60' title='bbox 429 1167 528 1206; x_wconf 82' lang='lat' dir='ltr'>pedes</span> <span class='ocrx_word' id='word_1_61' title='bbox 552 1165 702 1208; x_wconf 81' lang='lat' dir='ltr'>fungitur.</span> 
     </span>
    </p>
   </div>
   <div class='ocr_carea' id='block_1_12' title="bbox 262 1232 731 1411">
    <p class='ocr_par' dir='ltr' id='par_1_13' title="bbox 262 1232 731 1318">
     <span class='ocr_line' id='line_1_21' title="bbox 262 1232 731 1271; baseline 0.002 -8"><span class='ocrx_word' id='word_1_62' title='bbox 262 1232 351 1263; x_wconf 83' lang='lat' dir='ltr'>Haec</span> <span class='ocrx_word' id='word_1_63' title='bbox 372 1232 516 1264; x_wconf 85' lang='lat' dir='ltr'>turbatur</span> <span class='ocrx_word' id='word_1_64' title='bbox 541 1240 615 1271; x_wconf 84' lang='lat' dir='ltr'>erga</span> <span class='ocrx_word' id='word_1_65' title='bbox 639 1232 731 1271; x_wconf 89' lang='lat' dir='ltr'>plura</span> 
     </span>
     <span class='ocr_line' id='line_1_22' title="bbox 310 1278 640 1318; baseline -0.003 -7"><span class='ocrx_word' id='word_1_66' title='bbox 310 1278 384 1312; x_wconf 88' lang='lat' dir='ltr'>Sola</span> <span class='ocrx_word' id='word_1_67' title='bbox 408 1279 509 1310; x_wconf 87' lang='lat' dir='ltr'>vitans</span> <span class='ocrx_word' id='word_1_68' title='bbox 533 1278 640 1318; x_wconf 84' lang='lat' dir='ltr'>otium,</span> 
     </span>
    </p>

    <p class='ocr_par' dir='ltr' id='par_1_14' title="bbox 264 1325 701 1411">
     <span class='ocr_line' id='line_1_23' title="bbox 264 1325 701 1364; baseline 0.002 -8"><span class='ocrx_word' id='word_1_69' title='bbox 264 1325 469 1357; x_wconf 86' lang='lat' dir='ltr'>Ministrandi</span> <span class='ocrx_word' id='word_1_70' title='bbox 495 1328 597 1356; x_wconf 89' lang='lat' dir='ltr'>mente</span> <span class='ocrx_word' id='word_1_71' title='bbox 621 1335 701 1364; x_wconf 86' lang='lat' dir='ltr'>pura</span> 
     </span>
     <span class='ocr_line' id='line_1_24' title="bbox 310 1372 678 1411; baseline 0 -7"><span class='ocrx_word' id='word_1_72' title='bbox 310 1373 490 1404; x_wconf 81' lang='lat' dir='ltr'>Pertractat</span> <span class='ocrx_word' id='word_1_73' title='bbox 511 1372 678 1411; x_wconf 80' lang='lat' dir='ltr'>negotium.</span> 
     </span>
    </p>
   </div>
   <div class='ocr_carea' id='block_1_13' title="bbox 263 1437 812 1988">
    <p class='ocr_par' dir='ltr' id='par_1_15' title="bbox 263 1437 811 1520">
     <span class='ocr_line' id='line_1_25' title="bbox 263 1437 811 1476; baseline 0 -7"><span class='ocrx_word' id='word_1_74' title='bbox 263 1437 286 1469; x_wconf 97' lang='lat' dir='ltr'>O</span> <span class='ocrx_word' id='word_1_75' title='bbox 297 1446 388 1476; x_wconf 86' lang='lat' dir='ltr'>quam</span> <span class='ocrx_word' id='word_1_76' title='bbox 399 1437 499 1473; x_wconf 75' lang='lat' dir='ltr'>dulce,</span> <span class='ocrx_word' id='word_1_77' title='bbox 514 1445 604 1476; x_wconf 83' lang='lat' dir='ltr'>quam</span> <span class='ocrx_word' id='word_1_78' title='bbox 614 1438 811 1476; x_wconf 82' lang='lat' dir='ltr'>praeclarum</span> 
     </span>
     <span class='ocr_line' id='line_1_26' title="bbox 312 1483 752 1520; baseline 0.002 -6"><span class='ocrx_word' id='word_1_79' title='bbox 312 1483 374 1514; x_wconf 86' lang='lat' dir='ltr'>Est</span> <span class='ocrx_word' id='word_1_80' title='bbox 395 1483 543 1514; x_wconf 80' lang='lat' dir='ltr'>Marthae</span> <span class='ocrx_word' id='word_1_81' title='bbox 568 1483 752 1520; x_wconf 87' lang='lat' dir='ltr'>convivium,</span> 
     </span>
    </p>

    <p class='ocr_par' dir='ltr' id='par_1_16' title="bbox 265 1530 770 1616">
     <span class='ocr_line' id='line_1_27' title="bbox 265 1530 770 1569; baseline 0 -9"><span class='ocrx_word' id='word_1_82' title='bbox 265 1530 303 1561; x_wconf 90' lang='lat' dir='ltr'>In</span> <span class='ocrx_word' id='word_1_83' title='bbox 328 1537 387 1568; x_wconf 88' lang='lat' dir='ltr'>quo</span> <span class='ocrx_word' id='word_1_84' title='bbox 413 1537 516 1568; x_wconf 83' lang='lat' dir='ltr'>regem</span> <span class='ocrx_word' id='word_1_85' title='bbox 541 1530 642 1569; x_wconf 85' lang='lat' dir='ltr'>pascit</span> <span class='ocrx_word' id='word_1_86' title='bbox 666 1538 770 1562; x_wconf 87' lang='lat' dir='ltr'>carum</span> 
     </span>
     <span class='ocr_line' id='line_1_28' title="bbox 314 1575 671 1616; baseline 0 -9"><span class='ocrx_word' id='word_1_87' title='bbox 314 1576 524 1615; x_wconf 86' lang='lat' dir='ltr'>Supernorum</span> <span class='ocrx_word' id='word_1_88' title='bbox 550 1575 671 1616; x_wconf 83' lang='lat' dir='ltr'>civium,</span> 
     </span>
    </p>

    <p class='ocr_par' dir='ltr' id='par_1_17' title="bbox 268 1621 696 1700">
     <span class='ocr_line' id='line_1_29' title="bbox 268 1621 696 1662; baseline 0.002 -10"><span class='ocrx_word' id='word_1_89' title='bbox 268 1623 326 1661; x_wconf 78' lang='lat' dir='ltr'>Qui</span> <span class='ocrx_word' id='word_1_90' title='bbox 350 1622 495 1662; x_wconf 88' lang='lat' dir='ltr'>perennis</span> <span class='ocrx_word' id='word_1_91' title='bbox 520 1621 580 1653; x_wconf 87' lang='lat' dir='ltr'>sibi</span> <span class='ocrx_word' id='word_1_92' title='bbox 606 1622 696 1653; x_wconf 87' lang='lat' dir='ltr'>dedit</span> 
     </span>
     <span class='ocr_line' id='line_1_30' title="bbox 313 1667 646 1700; baseline 0.003 -1"><span class='ocrx_word' id='word_1_93' title='bbox 313 1669 404 1699; x_wconf 85' lang='lat' dir='ltr'>Vitae</span> <span class='ocrx_word' id='word_1_94' title='bbox 429 1667 529 1699; x_wconf 88' lang='lat' dir='ltr'>cibum</span> <span class='ocrx_word' id='word_1_95' title='bbox 551 1668 646 1700; x_wconf 84' lang='lat' dir='ltr'>hodie</span> 
     </span>
    </p>

    <p class='ocr_par' dir='ltr' id='par_1_18' title="bbox 265 1715 812 1800">
     <span class='ocr_line' id='line_1_31' title="bbox 265 1715 812 1755; baseline 0.004 -10"><span class='ocrx_word' id='word_1_96' title='bbox 265 1715 309 1746; x_wconf 88' lang='lat' dir='ltr'>Et</span> <span class='ocrx_word' id='word_1_97' title='bbox 333 1724 401 1745; x_wconf 90' lang='lat' dir='ltr'>cum</span> <span class='ocrx_word' id='word_1_98' title='bbox 425 1715 549 1755; x_wconf 85' lang='lat' dir='ltr'>hymnis</span> <span class='ocrx_word' id='word_1_99' title='bbox 573 1716 613 1746; x_wconf 84' lang='lat' dir='ltr'>ad</span> <span class='ocrx_word' id='word_1_100' title='bbox 632 1716 714 1746; x_wconf 86' lang='lat' dir='ltr'>hanc</span> <span class='ocrx_word' id='word_1_101' title='bbox 729 1716 812 1747; x_wconf 87' lang='lat' dir='ltr'>redit</span> 
     </span>
     <span class='ocr_line' id='line_1_32' title="bbox 313 1761 660 1800; baseline -0.003 -7"><span class='ocrx_word' id='word_1_102' title='bbox 313 1761 462 1793; x_wconf 82' lang='lat' dir='ltr'>Caelestis</span> <span class='ocrx_word' id='word_1_103' title='bbox 487 1762 660 1800; x_wconf 76' lang='lat' dir='ltr'>melodiae3</span> 
     </span>
    </p>

    <p class='ocr_par' dir='ltr' id='par_1_19' title="bbox 263 1808 742 1895">
     <span class='ocr_line' id='line_1_33' title="bbox 263 1808 742 1851; baseline 0.004 -12"><span class='ocrx_word' id='word_1_104' title='bbox 263 1808 372 1849; x_wconf 81' lang='lat' dir='ltr'>Surge,</span> <span class='ocrx_word' id='word_1_105' title='bbox 397 1817 496 1847; x_wconf 88' lang='lat' dir='ltr'>soror,</span> <span class='ocrx_word' id='word_1_106' title='bbox 521 1809 634 1847; x_wconf 85' lang='lat' dir='ltr'>hospes</span> <span class='ocrx_word' id='word_1_107' title='bbox 660 1817 742 1851; x_wconf 86' lang='lat' dir='ltr'>cara,</span> 
     </span>
     <span class='ocr_line' id='line_1_34' title="bbox 313 1855 706 1895; baseline -0.005 -8"><span class='ocrx_word' id='word_1_108' title='bbox 313 1856 401 1887; x_wconf 87' lang='lat' dir='ltr'>Iesus</span> <span class='ocrx_word' id='word_1_109' title='bbox 424 1855 535 1894; x_wconf 88' lang='lat' dir='ltr'>inquit,</span> <span class='ocrx_word' id='word_1_110' title='bbox 560 1863 706 1895; x_wconf 85' lang='lat' dir='ltr'>propera,</span> 
     </span>
    </p>

    <p class='ocr_par' dir='ltr' id='par_1_20' title="bbox 268 1901 661 1988">
     <span class='ocr_line' id='line_1_35' title="bbox 268 1901 620 1934; baseline 0.003 -2"><span class='ocrx_word' id='word_1_111' title='bbox 268 1901 417 1932; x_wconf 85' lang='lat' dir='ltr'>Fruitura</span> <span class='ocrx_word' id='word_1_112' title='bbox 439 1902 510 1932; x_wconf 87' lang='lat' dir='ltr'>luce</span> <span class='ocrx_word' id='word_1_113' title='bbox 534 1901 620 1934; x_wconf 82' lang='lat' dir='ltr'>clara</span> 
     </span>
     <span class='ocr_line' id='line_1_36' title="bbox 314 1948 661 1988; baseline -0.003 -8"><span class='ocrx_word' id='word_1_114' title='bbox 314 1948 450 1988; x_wconf 82' lang='lat' dir='ltr'>Fulgida</span> <span class='ocrx_word' id='word_1_115' title='bbox 472 1957 531 1987; x_wconf 91' lang='lat' dir='ltr'>per</span> <span class='ocrx_word' id='word_1_116' title='bbox 555 1957 661 1987; x_wconf 80' lang='lat' dir='ltr'>opera.</span> 
     </span>
    </p>
   </div>
   <div class='ocr_carea' id='block_1_14' title="bbox 388 2030 627 2067">
    <p class='ocr_par' dir='ltr' id='par_1_21' title="bbox 388 2030 627 2067">
     <span class='ocr_line' id='line_1_37' title="bbox 388 2030 627 2067; baseline 0 -9"><span class='ocrx_word' id='word_1_117' title='bbox 388 2031 432 2058; x_wconf 75' lang='lat' dir='ltr'>Aa</span> <span class='ocrx_word' id='word_1_118' title='bbox 449 2030 627 2067; x_wconf 73' lang='lat' dir='ltr'>Magnificat.</span> 
     </span>
    </p>
   </div>
   <div class='ocr_carea' id='block_1_15' title="bbox 268 2097 818 2375">
    <p class='ocr_par' dir='ltr' id='par_1_22' title="bbox 268 2097 790 2139">
     <span class='ocr_line' id='line_1_38' title="bbox 268 2097 790 2139; baseline 0.002 -10"><span class='ocrx_word' id='word_1_119' title='bbox 268 2097 399 2129; x_wconf 77' lang='lat' dir='ltr'>Transit</span> <span class='ocrx_word' id='word_1_120' title='bbox 422 2098 535 2138; x_wconf 87' lang='lat' dir='ltr'>hospes</span> <span class='ocrx_word' id='word_1_121' title='bbox 559 2098 648 2139; x_wconf 90' lang='lat' dir='ltr'>virgo</span> <span class='ocrx_word' id='word_1_122' title='bbox 673 2099 790 2131; x_wconf 84' lang='lat' dir='ltr'>Christi</span> 
     </span>
    </p>

    <p class='ocr_par' dir='ltr' id='par_1_23' title="bbox 270 2144 760 2232">
     <span class='ocr_line' id='line_1_39' title="bbox 270 2144 760 2178; baseline 0.002 -3"><span class='ocrx_word' id='word_1_123' title='bbox 270 2144 340 2176; x_wconf 89' lang='lat' dir='ltr'>Hoc</span> <span class='ocrx_word' id='word_1_124' title='bbox 366 2144 405 2176; x_wconf 92' lang='lat' dir='ltr'>de</span> <span class='ocrx_word' id='word_1_125' title='bbox 428 2145 544 2177; x_wconf 89' lang='lat' dir='ltr'>mundo</span> <span class='ocrx_word' id='word_1_126' title='bbox 568 2145 652 2178; x_wconf 85' lang='lat' dir='ltr'>laeta</span> <span class='ocrx_word' id='word_1_127' title='bbox 676 2146 760 2178; x_wconf 87' lang='lat' dir='ltr'>tristi</span> 
     </span>
     <span class='ocr_line' id='line_1_40' title="bbox 313 2191 621 2232; baseline 0.003 -9"><span class='ocrx_word' id='word_1_128' title='bbox 313 2192 366 2223; x_wconf 88' lang='lat' dir='ltr'>Ad</span> <span class='ocrx_word' id='word_1_129' title='bbox 391 2191 470 2223; x_wconf 84' lang='lat' dir='ltr'>caeli</span> <span class='ocrx_word' id='word_1_130' title='bbox 492 2192 621 2232; x_wconf 77' lang='lat' dir='ltr'>palatia,</span> 
     </span>
    </p>

    <p class='ocr_par' dir='ltr' id='par_1_24' title="bbox 273 2238 699 2278">
     <span class='ocr_line' id='line_1_41' title="bbox 273 2238 699 2278; baseline 0.005 -9"><span class='ocrx_word' id='word_1_131' title='bbox 273 2238 368 2270; x_wconf 88' lang='lat' dir='ltr'>Cuius</span> <span class='ocrx_word' id='word_1_132' title='bbox 394 2247 506 2278; x_wconf 88' lang='lat' dir='ltr'>corpus</span> <span class='ocrx_word' id='word_1_133' title='bbox 532 2239 699 2271; x_wconf 82' lang='lat' dir='ltr'>tumulavit</span> 
     </span>
    </p>

    <p class='ocr_par' dir='ltr' id='par_1_25' title="bbox 271 2285 818 2375">
     <span class='ocr_line' id='line_1_42' title="bbox 271 2285 818 2326; baseline 0.004 -10"><span class='ocrx_word' id='word_1_134' title='bbox 271 2286 383 2320; x_wconf 83' lang='lat' dir='ltr'>Pastor</span> <span class='ocrx_word' id='word_1_135' title='bbox 406 2285 515 2325; x_wconf 84' lang='lat' dir='ltr'>bonus,</span> <span class='ocrx_word' id='word_1_136' title='bbox 542 2295 632 2326; x_wconf 88' lang='lat' dir='ltr'>quem</span> <span class='ocrx_word' id='word_1_137' title='bbox 656 2286 708 2318; x_wconf 90' lang='lat' dir='ltr'>hic</span> <span class='ocrx_word' id='word_1_138' title='bbox 729 2287 818 2326; x_wconf 85' lang='lat' dir='ltr'>pavit</span> 
     </span>
     <span class='ocr_line' id='line_1_43' title="bbox 319 2331 599 2375; baseline 0.004 -11"><span class='ocrx_word' id='word_1_139' title='bbox 319 2331 455 2375; x_wconf 84' lang='lat' dir='ltr'>Speciaii</span> <span class='ocrx_word' id='word_1_140' title='bbox 479 2332 599 2373; x_wconf 80' lang='lat' dir='ltr'>gratia3</span> 
     </span>
    </p>
   </div>
   <div class='ocr_carea' id='block_1_16' title="bbox 935 257 1444 532">
    <p class='ocr_par' dir='ltr' id='par_1_26' title="bbox 936 257 1391 302">
     <span class='ocr_line' id='line_1_44' title="bbox 936 257 1391 302; baseline -0.013 -8"><span class='ocrx_word' id='word_1_141' title='bbox 936 263 961 294; x_wconf 96' lang='lat' dir='ltr'>O</span> <span class='ocrx_word' id='word_1_142' title='bbox 987 260 1165 302; x_wconf 81' lang='lat' dir='ltr'>susceptrix</span> <span class='ocrx_word' id='word_1_143' title='bbox 1189 257 1391 299; x_wconf 85' lang='lat' dir='ltr'>susceptoris,</span> 
     </span>
    </p>

    <p class='ocr_par' dir='ltr' id='par_1_27' title="bbox 937 303 1409 394">
     <span class='ocr_line' id='line_1_45' title="bbox 937 303 1406 347; baseline -0.015 -6"><span class='ocrx_word' id='word_1_144' title='bbox 937 309 1003 340; x_wconf 81' lang='lat' dir='ltr'>Nos</span> <span class='ocrx_word' id='word_1_145' title='bbox 1028 307 1174 347; x_wconf 84' lang='lat' dir='ltr'>coniungi</span> <span class='ocrx_word' id='word_1_146' title='bbox 1198 306 1277 338; x_wconf 84' lang='lat' dir='ltr'>caeli</span> <span class='ocrx_word' id='word_1_147' title='bbox 1302 303 1406 336; x_wconf 82' lang='lat' dir='ltr'>choris</span> 
     </span>
     <span class='ocr_line' id='line_1_46' title="bbox 982 352 1409 394; baseline -0.009 -9"><span class='ocrx_word' id='word_1_148' title='bbox 982 354 1125 394; x_wconf 83' lang='lat' dir='ltr'>Impetra</span> <span class='ocrx_word' id='word_1_149' title='bbox 1148 362 1207 394; x_wconf 82' lang='lat' dir='ltr'>per</span> <span class='ocrx_word' id='word_1_150' title='bbox 1230 352 1409 390; x_wconf 87' lang='lat' dir='ltr'>Dominum,</span> 
     </span>
    </p>

    <p class='ocr_par' dir='ltr' id='par_1_28' title="bbox 935 399 1364 442">
     <span class='ocr_line' id='line_1_47' title="bbox 935 399 1364 442; baseline -0.009 -9"><span class='ocrx_word' id='word_1_151' title='bbox 935 403 995 442; x_wconf 79' lang='lat' dir='ltr'>Qui</span> <span class='ocrx_word' id='word_1_152' title='bbox 1018 402 1051 432; x_wconf 86' lang='lat' dir='ltr'>in</span> <span class='ocrx_word' id='word_1_153' title='bbox 1075 401 1170 433; x_wconf 84' lang='lat' dir='ltr'>terris</span> <span class='ocrx_word' id='word_1_154' title='bbox 1195 402 1227 430; x_wconf 86' lang='lat' dir='ltr'>te</span> <span class='ocrx_word' id='word_1_155' title='bbox 1251 399 1364 431; x_wconf 81' lang='lat' dir='ltr'>dilexit</span> 
     </span>
    </p>

    <p class='ocr_par' dir='ltr' id='par_1_29' title="bbox 935 444 1444 532">
     <span class='ocr_line' id='line_1_48' title="bbox 935 444 1444 487; baseline -0.012 -7"><span class='ocrx_word' id='word_1_156' title='bbox 935 449 980 480; x_wconf 89' lang='lat' dir='ltr'>Et</span> <span class='ocrx_word' id='word_1_157' title='bbox 1003 447 1150 487; x_wconf 81' lang='lat' dir='ltr'>frequens</span> <span class='ocrx_word' id='word_1_158' title='bbox 1176 447 1217 479; x_wconf 84' lang='lat' dir='ltr'>ad</span> <span class='ocrx_word' id='word_1_159' title='bbox 1240 448 1272 477; x_wconf 90' lang='lat' dir='ltr'>te</span> <span class='ocrx_word' id='word_1_160' title='bbox 1294 444 1444 486; x_wconf 79' lang='lat' dir='ltr'>respexit,</span> 
     </span>
     <span class='ocr_line' id='line_1_49' title="bbox 981 493 1374 532; baseline -0.005 -6"><span class='ocrx_word' id='word_1_161' title='bbox 981 495 1086 529; x_wconf 80' lang='lat' dir='ltr'>Unica</span> <span class='ocrx_word' id='word_1_162' title='bbox 1108 502 1181 532; x_wconf 84' lang='lat' dir='ltr'>spes</span> <span class='ocrx_word' id='word_1_163' title='bbox 1204 493 1374 524; x_wconf 80' lang='lat' dir='ltr'>hominum.</span> 
     </span>
    </p>
   </div>
   <div class='ocr_carea' id='block_1_17' title="bbox 996 596 1354 629">
    <p class='ocr_par' dir='ltr' id='par_1_30' title="bbox 996 596 1354 629">
     <span class='ocr_line' id='line_1_50' title="bbox 996 596 1354 629; baseline -0.008 0"><span class='ocrx_word' id='word_1_164' title='bbox 996 597 1058 629; x_wconf 86' lang='lat' dir='ltr'>Ad</span> <span class='ocrx_word' id='word_1_165' title='bbox 1080 596 1354 628; x_wconf 82' lang='lat' dir='ltr'>Matutinum.</span> 
     </span>
    </p>
   </div>
   <div class='ocr_carea' id='block_1_18' title="bbox 1066 669 1281 698">
    <p class='ocr_par' dir='ltr' id='par_1_31' title="bbox 1066 669 1281 698">
     <span class='ocr_line' id='line_1_51' title="bbox 1066 669 1281 698; baseline -0.009 0"><span class='ocrx_word' id='word_1_166' title='bbox 1066 669 1281 698; x_wconf 81' lang='lat' dir='ltr'>Invitatorium.</span> 
     </span>
    </p>
   </div>
   <div class='ocr_carea' id='block_1_19' title="bbox 936 727 1378 900">
    <p class='ocr_par' dir='ltr' id='par_1_32' title="bbox 936 727 1378 812">
     <span class='ocr_line' id='line_1_52' title="bbox 936 727 1292 766; baseline -0.006 -7"><span class='ocrx_word' id='word_1_167' title='bbox 936 728 1107 760; x_wconf 87' lang='lat' dir='ltr'>Iubilemus</span> <span class='ocrx_word' id='word_1_168' title='bbox 1132 727 1200 758; x_wconf 91' lang='lat' dir='ltr'>Deo</span> <span class='ocrx_word' id='word_1_169' title='bbox 1225 727 1292 766; x_wconf 88' lang='lat' dir='ltr'>regi</span> 
     </span>
     <span class='ocr_line' id='line_1_53' title="bbox 983 773 1378 812; baseline -0.008 -6"><span class='ocrx_word' id='word_1_170' title='bbox 983 775 1182 807; x_wconf 82' lang='lat' dir='ltr'>canticorum</span> <span class='ocrx_word' id='word_1_171' title='bbox 1207 773 1378 812; x_wconf 74' lang='lat' dir='ltr'>schemate,</span> 
     </span>
    </p>

    <p class='ocr_par' dir='ltr' id='par_1_33' title="bbox 936 819 1358 900">
     <span class='ocr_line' id='line_1_54' title="bbox 936 819 1338 860; baseline -0.01 -7"><span class='ocrx_word' id='word_1_172' title='bbox 936 821 995 860; x_wconf 76' lang='lat' dir='ltr'>Qui</span> <span class='ocrx_word' id='word_1_173' title='bbox 1021 820 1151 852; x_wconf 74' lang='lat' dir='ltr'>caelesti</span> <span class='ocrx_word' id='word_1_174' title='bbox 1175 819 1252 851; x_wconf 84' lang='lat' dir='ltr'>fecit</span> <span class='ocrx_word' id='word_1_175' title='bbox 1276 820 1338 859; x_wconf 84' lang='lat' dir='ltr'>tegi</span> 
     </span>
     <span class='ocr_line' id='line_1_55' title="bbox 984 866 1358 900; baseline -0.005 0"><span class='ocrx_word' id='word_1_176' title='bbox 984 867 1145 900; x_wconf 79' lang='lat' dir='ltr'>Martham</span> <span class='ocrx_word' id='word_1_177' title='bbox 1172 866 1358 899; x_wconf 85' lang='lat' dir='ltr'>diademate.</span> 
     </span>
    </p>
   </div>
   <div class='ocr_carea' id='block_1_20' title="bbox 995 969 1350 1003">
    <p class='ocr_par' dir='ltr' id='par_1_34' title="bbox 995 969 1350 1003">
     <span class='ocr_line' id='line_1_56' title="bbox 995 969 1350 1003; baseline -0.008 0"><span class='ocrx_word' id='word_1_178' title='bbox 995 972 1040 1003; x_wconf 85' lang='lat' dir='ltr'>In</span> <span class='ocrx_word' id='word_1_179' title='bbox 1067 971 1097 1003; x_wconf 84' lang='lat'>1.</span> <span class='ocrx_word' id='word_1_180' title='bbox 1122 969 1350 1001; x_wconf 81' lang='lat' dir='ltr'>Nocturno.</span> 
     </span>
    </p>
   </div>
   <div class='ocr_carea' id='block_1_21' title="bbox 1080 1043 1273 1078">
    <p class='ocr_par' dir='ltr' id='par_1_35' title="bbox 1080 1043 1273 1078">
     <span class='ocr_line' id='line_1_57' title="bbox 1080 1043 1273 1078; baseline -0.005 -8"><span class='ocrx_word' id='word_1_181' title='bbox 1080 1043 1273 1078; x_wconf 86' lang='lat' dir='ltr'>Antiphonae.</span> 
     </span>
    </p>
   </div>
   <div class='ocr_carea' id='block_1_22' title="bbox 905 1099 1283 1132">
    <p class='ocr_par' dir='ltr' id='par_1_36' title="bbox 905 1099 1283 1132">
     <span class='ocr_line' id='line_1_58' title="bbox 905 1099 1283 1132; baseline -0.005 0"><span class='ocrx_word' id='word_1_182' title='bbox 905 1126 912 1132; x_wconf 94' lang='lat'>.</span> <span class='ocrx_word' id='word_1_183' title='bbox 941 1101 1079 1132; x_wconf 84' lang='lat' dir='ltr'>Visitans</span> <span class='ocrx_word' id='word_1_184' title='bbox 1102 1099 1283 1131; x_wconf 85' lang='lat' dir='ltr'>memoriam</span> 
     </span>
    </p>
   </div>
   <div class='ocr_carea' id='block_1_23' title="bbox 936 1146 1423 1272">
    <p class='ocr_par' dir='ltr' id='par_1_37' title="bbox 936 1146 1423 1272">
     <span class='ocr_line' id='line_1_59' title="bbox 982 1146 1423 1187; baseline -0.007 -8"><span class='ocrx_word' id='word_1_185' title='bbox 982 1146 1133 1179; x_wconf 81' lang='lat' dir='ltr'>Marthae</span> <span class='ocrx_word' id='word_1_186' title='bbox 1156 1146 1250 1187; x_wconf 87' lang='lat' dir='ltr'>geris,</span> <span class='ocrx_word' id='word_1_187' title='bbox 1279 1146 1423 1185; x_wconf 86' lang='lat' dir='ltr'>Domine,</span> 
     </span>
     <span class='ocr_line' id='line_1_60' title="bbox 936 1192 1371 1233; baseline 0 -9"><span class='ocrx_word' id='word_1_188' title='bbox 936 1195 1034 1233; x_wconf 75' lang='lat' dir='ltr'>Quam</span> <span class='ocrx_word' id='word_1_189' title='bbox 1059 1193 1146 1226; x_wconf 89' lang='lat' dir='ltr'>vehis</span> <span class='ocrx_word' id='word_1_190' title='bbox 1172 1192 1212 1225; x_wconf 85' lang='lat' dir='ltr'>ad</span> <span class='ocrx_word' id='word_1_191' title='bbox 1239 1193 1371 1232; x_wconf 81' lang='lat' dir='ltr'>gloriam</span> 
     </span>
     <span class='ocr_line' id='line_1_61' title="bbox 985 1240 1304 1272; baseline 0.003 -1"><span class='ocrx_word' id='word_1_192' title='bbox 985 1240 1069 1272; x_wconf 85' lang='lat' dir='ltr'>Miro</span> <span class='ocrx_word' id='word_1_193' title='bbox 1093 1243 1146 1272; x_wconf 84' lang='lat' dir='ltr'>tuo</span> <span class='ocrx_word' id='word_1_194' title='bbox 1171 1240 1304 1272; x_wconf 80' lang='lat' dir='ltr'>nomine,</span> 
     </span>
    </p>
   </div>
   <div class='ocr_carea' id='block_1_24' title="bbox 905 1295 1334 1330">
    <p class='ocr_par' dir='ltr' id='par_1_38' title="bbox 905 1295 1334 1330">
     <span class='ocr_line' id='line_1_62' title="bbox 905 1295 1334 1330; baseline -0.007 0"><span class='ocrx_word' id='word_1_195' title='bbox 905 1323 911 1330; x_wconf 94' lang='lat'><strong><em>.</em></strong></span> <span class='ocrx_word' id='word_1_196' title='bbox 937 1296 1009 1328; x_wconf 90' lang='lat' dir='ltr'>Tibi</span> <span class='ocrx_word' id='word_1_197' title='bbox 1034 1295 1161 1328; x_wconf 86' lang='lat' dir='ltr'>fervens</span> <span class='ocrx_word' id='word_1_198' title='bbox 1185 1305 1204 1327; x_wconf 74' lang='lat' dir='ltr'>a,</span> <span class='ocrx_word' id='word_1_199' title='bbox 1229 1296 1334 1327; x_wconf 83' lang='lat' dir='ltr'>calore</span> 
     </span>
    </p>
   </div>
   <div class='ocr_carea' id='block_1_25' title="bbox 937 1342 1382 1475">
    <p class='ocr_par' dir='ltr' id='par_1_39' title="bbox 937 1342 1382 1475">
     <span class='ocr_line' id='line_1_63' title="bbox 986 1342 1339 1375; baseline -0.006 -1"><span class='ocrx_word' id='word_1_200' title='bbox 986 1344 1117 1375; x_wconf 79' lang='lat' dir='ltr'>servam</span> <span class='ocrx_word' id='word_1_201' title='bbox 1140 1351 1175 1373; x_wconf 91' lang='lat' dir='ltr'>se</span> <span class='ocrx_word' id='word_1_202' title='bbox 1200 1342 1339 1374; x_wconf 83' lang='lat' dir='ltr'>exhibuit</span> 
     </span>
     <span class='ocr_line' id='line_1_64' title="bbox 937 1388 1382 1421; baseline 0 -1"><span class='ocrx_word' id='word_1_203' title='bbox 937 1389 980 1421; x_wconf 80' lang='lat' dir='ltr'>Et</span> <span class='ocrx_word' id='word_1_204' title='bbox 1006 1389 1188 1420; x_wconf 85' lang='lat' dir='ltr'>ministrans</span> <span class='ocrx_word' id='word_1_205' title='bbox 1212 1388 1245 1419; x_wconf 90' lang='lat' dir='ltr'>in</span> <span class='ocrx_word' id='word_1_206' title='bbox 1271 1390 1382 1420; x_wconf 86' lang='lat' dir='ltr'>timore</span> 
     </span>
     <span class='ocr_line' id='line_1_65' title="bbox 985 1436 1360 1475; baseline 0 -8"><span class='ocrx_word' id='word_1_207' title='bbox 985 1436 1048 1467; x_wconf 87' lang='lat' dir='ltr'>Sua</span> <span class='ocrx_word' id='word_1_208' title='bbox 1073 1444 1213 1475; x_wconf 83' lang='lat' dir='ltr'>quaeque</span> <span class='ocrx_word' id='word_1_209' title='bbox 1240 1436 1360 1468; x_wconf 80' lang='lat' dir='ltr'>tribuit.</span> 
     </span>
    </p>
   </div>
   <div class='ocr_carea' id='block_1_26' title="bbox 904 1491 1452 1531">
    <p class='ocr_par' dir='ltr' id='par_1_40' title="bbox 904 1491 1452 1531">
     <span class='ocr_line' id='line_1_66' title="bbox 904 1491 1452 1531; baseline -0.004 -8"><span class='ocrx_word' id='word_1_210' title='bbox 904 1516 911 1523; x_wconf 94' lang='lat'><em>.</em></span> <span class='ocrx_word' id='word_1_211' title='bbox 940 1491 1010 1522; x_wconf 89' lang='lat' dir='ltr'>Non</span> <span class='ocrx_word' id='word_1_212' title='bbox 1034 1491 1158 1531; x_wconf 84' lang='lat' dir='ltr'>accepit</span> <span class='ocrx_word' id='word_1_213' title='bbox 1179 1491 1259 1523; x_wconf 84' lang='lat' dir='ltr'>haec</span> <span class='ocrx_word' id='word_1_214' title='bbox 1281 1491 1315 1523; x_wconf 89' lang='lat' dir='ltr'>in</span> <span class='ocrx_word' id='word_1_215' title='bbox 1339 1500 1452 1523; x_wconf 84' lang='lat' dir='ltr'>vanum</span> 
     </span>
    </p>
   </div>
   <div class='ocr_carea' id='block_1_27' title="bbox 939 1537 1407 1663">
    <p class='ocr_par' dir='ltr' id='par_1_41' title="bbox 939 1537 1407 1663">
     <span class='ocr_line' id='line_1_67' title="bbox 985 1537 1336 1577; baseline 0 -8"><span class='ocrx_word' id='word_1_216' title='bbox 985 1538 1141 1576; x_wconf 77' lang='lat' dir='ltr'>Animam,</span> <span class='ocrx_word' id='word_1_217' title='bbox 1168 1546 1247 1577; x_wconf 83' lang='lat' dir='ltr'>quae</span> <span class='ocrx_word' id='word_1_218' title='bbox 1271 1537 1336 1569; x_wconf 83' lang='lat' dir='ltr'>filio</span> 
     </span>
     <span class='ocr_line' id='line_1_68' title="bbox 939 1584 1407 1624; baseline 0.002 -10"><span class='ocrx_word' id='word_1_219' title='bbox 939 1584 999 1615; x_wconf 88' lang='lat' dir='ltr'>Dei</span> <span class='ocrx_word' id='word_1_220' title='bbox 1023 1584 1143 1624; x_wconf 83' lang='lat' dir='ltr'>largam</span> <span class='ocrx_word' id='word_1_221' title='bbox 1170 1584 1259 1616; x_wconf 90' lang='lat' dir='ltr'>dedit</span> <span class='ocrx_word' id='word_1_222' title='bbox 1282 1593 1407 1616; x_wconf 87' lang='lat' dir='ltr'>manum</span> 
     </span>
     <span class='ocr_line' id='line_1_69' title="bbox 987 1630 1246 1663; baseline 0 -1"><span class='ocrx_word' id='word_1_223' title='bbox 987 1630 1048 1662; x_wconf 89' lang='lat' dir='ltr'>Suo</span> <span class='ocrx_word' id='word_1_224' title='bbox 1076 1630 1246 1663; x_wconf 75' lang='lat' dir='ltr'>domicilio.</span> 
     </span>
    </p>
   </div>
   <div class='ocr_carea' id='block_1_28' title="bbox 1078 1705 1282 1739">
    <p class='ocr_par' dir='ltr' id='par_1_42' title="bbox 1078 1705 1282 1739">
     <span class='ocr_line' id='line_1_70' title="bbox 1078 1705 1282 1739; baseline -0.005 -6"><span class='ocrx_word' id='word_1_225' title='bbox 1078 1705 1282 1739; x_wconf 83' lang='lat' dir='ltr'>Responsoria.</span> 
     </span>
    </p>
   </div>
   <div class='ocr_carea' id='block_1_29' title="bbox 906 1762 1468 1801">
    <p class='ocr_par' dir='ltr' id='par_1_43' title="bbox 906 1762 1468 1801">
     <span class='ocr_line' id='line_1_71' title="bbox 906 1762 1468 1801; baseline -0.002 -6"><span class='ocrx_word' id='word_1_226' title='bbox 906 1788 912 1795; x_wconf 95' lang='lat'><strong>.</strong></span> <span class='ocrx_word' id='word_1_227' title='bbox 940 1762 1015 1795; x_wconf 90' lang='lat' dir='ltr'>Cum</span> <span class='ocrx_word' id='word_1_228' title='bbox 1040 1762 1222 1801; x_wconf 86' lang='lat' dir='ltr'>redemptor</span> <span class='ocrx_word' id='word_1_229' title='bbox 1246 1762 1363 1794; x_wconf 88' lang='lat' dir='ltr'>mundo</span> <span class='ocrx_word' id='word_1_230' title='bbox 1388 1763 1468 1794; x_wconf 83' lang='lat' dir='ltr'>luxit</span> 
     </span>
    </p>
   </div>
   <div class='ocr_carea' id='block_1_30' title="bbox 940 1808 1418 2038">
    <p class='ocr_par' dir='ltr' id='par_1_44' title="bbox 940 1808 1418 2038">
     <span class='ocr_line' id='line_1_72' title="bbox 941 1808 1409 1849; baseline 0.002 -9"><span class='ocrx_word' id='word_1_231' title='bbox 941 1809 984 1840; x_wconf 83' lang='lat' dir='ltr'>Et</span> <span class='ocrx_word' id='word_1_232' title='bbox 1008 1809 1050 1841; x_wconf 86' lang='lat' dir='ltr'>ad</span> <span class='ocrx_word' id='word_1_233' title='bbox 1074 1810 1158 1841; x_wconf 89' lang='lat' dir='ltr'>viam</span> <span class='ocrx_word' id='word_1_234' title='bbox 1183 1808 1291 1849; x_wconf 83' lang='lat' dir='ltr'>plures</span> <span class='ocrx_word' id='word_1_235' title='bbox 1318 1809 1409 1841; x_wconf 80' lang='lat' dir='ltr'>duxit</span> 
     </span>
     <span class='ocr_line' id='line_1_73' title="bbox 988 1855 1414 1895; baseline 0.005 -9"><span class='ocrx_word' id='word_1_236' title='bbox 988 1856 1145 1895; x_wconf 87' lang='lat' dir='ltr'>Spargens</span> <span class='ocrx_word' id='word_1_237' title='bbox 1171 1855 1260 1888; x_wconf 87' lang='lat' dir='ltr'>verbi</span> <span class='ocrx_word' id='word_1_238' title='bbox 1285 1856 1414 1895; x_wconf 87' lang='lat' dir='ltr'>semina,</span> 
     </span>
     <span class='ocr_line' id='line_1_74' title="bbox 940 1903 1418 1935; baseline 0.004 -2"><span class='ocrx_word' id='word_1_239' title='bbox 940 1903 978 1934; x_wconf 91' lang='lat' dir='ltr'>In</span> <span class='ocrx_word' id='word_1_240' title='bbox 1005 1903 1130 1934; x_wconf 90' lang='lat' dir='ltr'>domum</span> <span class='ocrx_word' id='word_1_241' title='bbox 1156 1911 1224 1933; x_wconf 90' lang='lat' dir='ltr'>cum</span> <span class='ocrx_word' id='word_1_242' title='bbox 1249 1905 1319 1934; x_wconf 84' lang='lat' dir='ltr'>tota</span> <span class='ocrx_word' id='word_1_243' title='bbox 1342 1911 1418 1935; x_wconf 83' lang='lat' dir='ltr'>cura</span> 
     </span>
     <span class='ocr_line' id='line_1_75' title="bbox 944 1949 1289 1980; baseline -0.003 0"><span class='ocrx_word' id='word_1_244' title='bbox 944 1949 1037 1980; x_wconf 86' lang='lat' dir='ltr'>Suam</span> <span class='ocrx_word' id='word_1_245' title='bbox 1060 1949 1107 1979; x_wconf 91' lang='lat' dir='ltr'>illi</span> <span class='ocrx_word' id='word_1_246' title='bbox 1132 1949 1289 1980; x_wconf 83' lang='lat' dir='ltr'>servitura</span> 
     </span>
     <span class='ocr_line' id='line_1_76' title="bbox 988 1994 1385 2038; baseline 0.003 -12"><span class='ocrx_word' id='word_1_247' title='bbox 988 1996 1083 2027; x_wconf 90' lang='lat' dir='ltr'>Hunc</span> <span class='ocrx_word' id='word_1_248' title='bbox 1108 1995 1234 2035; x_wconf 82' lang='lat' dir='ltr'>excepit</span> <span class='ocrx_word' id='word_1_249' title='bbox 1257 1994 1385 2038; x_wconf 84' lang='lat' dir='ltr'>femina,</span> 
     </span>
    </p>
   </div>
   <div class='ocr_carea' id='block_1_31' title="bbox 904 2041 1373 2081">
    <p class='ocr_par' dir='ltr' id='par_1_45' title="bbox 904 2041 1373 2081">
     <span class='ocr_line' id='line_1_77' title="bbox 904 2041 1373 2081; baseline -0.002 -6"><span class='ocrx_word' id='word_1_250' title='bbox 904 2069 911 2075; x_wconf 96' lang='lat'>.</span> <span class='ocrx_word' id='word_1_251' title='bbox 944 2042 1037 2073; x_wconf 84' lang='lat' dir='ltr'>Cuius</span> <span class='ocrx_word' id='word_1_252' title='bbox 1062 2050 1153 2073; x_wconf 90' lang='lat' dir='ltr'>soror</span> <span class='ocrx_word' id='word_1_253' title='bbox 1176 2041 1276 2081; x_wconf 87' lang='lat' dir='ltr'>pedes</span> <span class='ocrx_word' id='word_1_254' title='bbox 1300 2041 1373 2074; x_wconf 81' lang='lat' dir='ltr'>Iesu</span> 
     </span>
    </p>
   </div>
   <div class='ocr_carea' id='block_1_32' title="bbox 945 2089 1451 2217">
    <p class='ocr_par' dir='ltr' id='par_1_46' title="bbox 945 2089 1451 2217">
     <span class='ocr_line' id='line_1_78' title="bbox 990 2089 1358 2129; baseline 0.003 -9"><span class='ocrx_word' id='word_1_255' title='bbox 990 2089 1090 2120; x_wconf 83' lang='lat' dir='ltr'>Tenet</span> <span class='ocrx_word' id='word_1_256' title='bbox 1114 2097 1172 2128; x_wconf 92' lang='lat' dir='ltr'>pro</span> <span class='ocrx_word' id='word_1_257' title='bbox 1197 2089 1358 2129; x_wconf 82' lang='lat' dir='ltr'>solamine,</span> 
     </span>
     <span class='ocr_line' id='line_1_79' title="bbox 945 2135 1451 2169; baseline 0.002 -2"><span class='ocrx_word' id='word_1_258' title='bbox 945 2136 1008 2167; x_wconf 84' lang='lat' dir='ltr'>Sed</span> <span class='ocrx_word' id='word_1_259' title='bbox 1033 2135 1214 2167; x_wconf 84' lang='lat' dir='ltr'>ministrans</span> <span class='ocrx_word' id='word_1_260' title='bbox 1237 2135 1316 2167; x_wconf 83' lang='lat' dir='ltr'>haec</span> <span class='ocrx_word' id='word_1_261' title='bbox 1337 2136 1372 2168; x_wconf 90' lang='lat' dir='ltr'>in</span> <span class='ocrx_word' id='word_1_262' title='bbox 1397 2145 1451 2169; x_wconf 81' lang='lat' dir='ltr'>esu</span> 
     </span>
     <span class='ocr_line' id='line_1_80' title="bbox 987 2182 1308 2217; baseline 0.009 -3"><span class='ocrx_word' id='word_1_263' title='bbox 987 2182 1111 2214; x_wconf 88' lang='lat' dir='ltr'>Devoto</span> <span class='ocrx_word' id='word_1_264' title='bbox 1137 2183 1308 2217; x_wconf 76' lang='lat' dir='ltr'>conamine.</span> 
     </span>
    </p>
   </div>
   <div class='ocr_carea' id='block_1_33' title="bbox 910 2238 1418 2280">
    <p class='ocr_par' dir='ltr' id='par_1_47' title="bbox 910 2238 1418 2280">
     <span class='ocr_line' id='line_1_81' title="bbox 910 2238 1418 2280; baseline -0.002 -8"><span class='ocrx_word' id='word_1_265' title='bbox 910 2264 917 2272; x_wconf 94' lang='lat'>.</span> <span class='ocrx_word' id='word_1_266' title='bbox 945 2239 969 2271; x_wconf 94' lang='lat' dir='ltr'>O</span> <span class='ocrx_word' id='word_1_267' title='bbox 995 2247 1073 2278; x_wconf 87' lang='lat' dir='ltr'>prae</span> <span class='ocrx_word' id='word_1_268' title='bbox 1096 2238 1203 2270; x_wconf 83' lang='lat' dir='ltr'>multis</span> <span class='ocrx_word' id='word_1_269' title='bbox 1228 2239 1418 2280; x_wconf 85' lang='lat' dir='ltr'>praeelecta,</span> 
     </span>
    </p>
   </div>
   <div class='ocr_carea' id='block_1_34' title="bbox 944 2285 1427 2376">
    <p class='ocr_par' dir='ltr' id='par_1_48' title="bbox 944 2285 1427 2376">
     <span class='ocr_line' id='line_1_82' title="bbox 944 2285 1427 2329; baseline 0.004 -12"><span class='ocrx_word' id='word_1_270' title='bbox 944 2285 1033 2325; x_wconf 80' lang='lat' dir='ltr'>Quod</span> <span class='ocrx_word' id='word_1_271' title='bbox 1058 2285 1100 2316; x_wconf 81' lang='lat' dir='ltr'>ad</span> <span class='ocrx_word' id='word_1_272' title='bbox 1123 2287 1188 2326; x_wconf 85' lang='lat' dir='ltr'>tua,</span> <span class='ocrx_word' id='word_1_273' title='bbox 1214 2285 1312 2329; x_wconf 84' lang='lat' dir='ltr'>virgo,</span> <span class='ocrx_word' id='word_1_274' title='bbox 1339 2288 1427 2319; x_wconf 73' lang='lat' dir='ltr'>tecta</span> 
     </span>
     <span class='ocr_line' id='line_1_83' title="bbox 991 2332 1413 2376; baseline 0.002 -10"><span class='ocrx_word' id='word_1_275' title='bbox 991 2332 1235 2372; x_wconf 82' lang='lat' dir='ltr'>Depascendum</span> <span class='ocrx_word' id='word_1_276' title='bbox 1259 2332 1413 2376; x_wconf 86' lang='lat' dir='ltr'>traheres,</span> 
     </span>
    </p>
   </div>
  </div>
 </body>
</html>
