1655 2534
664 97 897 133 —31-.-

147 195 178 226 5.
204 192 321 225 Notum
345 192 394 225 vir
418 193 521 225 locum
546 194 666 232 adiens,
881 194 975 227 Cuius
998 193 1111 225 merita
1133 202 1190 225 nos
1214 194 1324 226 inclita

205 240 338 274 Cursum
367 242 440 279 post
465 241 590 273 domum
615 241 752 283 capiens,
880 241 1016 280 Iungaut.
1039 240 1150 272 throno
1174 250 1293 272 summo
1319 241 1409 284 bono,

205 287 297 319 Hanc
315 286 507 327 defunctam,
533 289 590 321 sed
608 288 753 320 coniunc-
930 288 993 320 Ubi
1017 287 1117 319 sancti
1141 288 1349 327 gratulantur.

528 336 592 366 ‘tam

254 380 363 413 Cernit
388 381 546 412 caelicolis
570 381 653 421 polo,
946 391 991 423 In
1018 392 1049 422 2,
1077 391 1292 429 Vesperi&

208 429 306 466 Quam
331 428 467 467 sepelire
493 428 586 459 datur
609 428 693 460 scire

205 474 339 507 Literali
364 475 483 514 scripto
508 475 582 506 tali:
1000 474 1045 502 Ad
1064 473 1241 511 Magnificat.

253 521 479 562 corpusculum
505 522 604 554 redde
628 522 704 554 3⁰1⁰·
810 542 840 573 A
880 541 977 575 Iubar
999 550 1113 573 novum
1136 542 1169 572 in
1193 540 1335 572 terminis

883 588 1006 620 Galliae
1031 587 1131 628 fulget
1155 588 1304 626 tenebriS,

323 614 369 642 Ad
389 615 570 643 Benedictus.
928 636 1111 667 Illustratur
1136 635 1296 676 Centonia,

135 683 173 713 A.
204 683 419 714 Instrumenta
442 681 598 722 ponitoris
879 682 995 722 Maria,
1013 682 1153 722 Aegypti
1176 684 1260 721 nata,

206 727 333 761 Desunt
356 728 389 760 in
415 729 533 760 deserti
558 730 621 760 oris
880 726 931 762 Ab
958 730 1079 761 oriente
1102 729 1265 770 translata,

252 775 368 807 Sancto
394 775 471 814 seni,
498 775 551 813 qui
575 775 712 814 imperat
929 776 1086 807 Virtutum
1110 775 1289 808 testimonia

206 821 296 853 Tunc
319 821 404 854 leoni
428 822 616 861 occurrenti,
882 822 1020 854 Praebet
1043 822 1139 862 signis
1164 822 1211 853 sio
1236 822 1408 861 condignis,
1451 814 1463 823 ⁴

203 868 262 908 Qui
288 869 406 900 virtute
429 868 607 899 vehementi
883 869 1005 908 Aegros
1032 871 1122 899 curat
1145 870 1177 900 ct
1199 871 1349 907 procurat

250 913 381 947 Fossam
408 918 493 947 terra
515 917 706 957 praeparat3
933 915 1058 947 Sanitas
1082 915 1240 954 virtutem,

206 961 259 994 Sic
283 961 407 993 Mariae
430 962 610 1001 Aegyptiae
883 965 981 999 Quam
1007 969 1131 994 oremus
1154 964 1186 992 et
1209 969 1356 999 amemus,

202 1009 381 1048 Exsequias
404 1017 463 1047 pro
489 1009 596 1047 requie
883 1008 949 1040 Nos
973 1009 1105 1040 miseros
1127 1009 1163 1039 ut
1185 1007 1302 1039 liberos

251 1055 281 1086 A
306 1063 381 1086 sene
406 1055 625 1097 celebrantur;
928 1055 1088 1087 perducat
1111 1056 1152 1087 ad
1177 1055 1320 1086 salutem.

209 1130 293 1156 Brev.
307 1137 360 1156 ms.
381 1129 522 1157 Guriense
540 1127 575 1164 (‘?)
594 1137 669 1156 saec.
692 1127 734 1156 15.
770 1128 838 1156 Ood.
861 1129 944 1157 Arch.
968 1129 1134 1165 Sangallen.
1154 1129 1276 1156 Fabaria
1288 1136 1308 1154 i.
1328 1129 1380 1155 IX.

131 1166 174 1193 Iu
196 1165 220 1194 1.
240 1167 346 1202 Vesp.
372 1164 395 1192 A
418 1165 446 1200 4,
467 1165 484 1193 2
509 1166 578 1194 Lies
598 1167 678 1194 Deus
699 1168 804 1203 atque?
829 1181 868 1185 —
888 1164 910 1193 A
929 1165 957 1200 4,
977 1166 997 1194 4
1017 1168 1083 1194 Lies
1104 1175 1191 1200 quarn
1209 1167 1303 1193 nunc?
1385 1165 1430 1193 Ad

130 1205 231 1240 Magn.
261 1202 283 1229 Α
303 1202 322 1231 6
345 1204 417 1231 Lies
443 1204 502 1238 Qui
527 1204 581 1231 de?
602 1218 639 1223 —n
658 1204 733 1231 Ibid.
761 1202 797 1231 10
820 1204 896 1232 fehlt
919 1206 966 1231 ein
992 1205 1129 1232 Verbum.
1156 1218 1193 1222 —
1215 1204 1291 1231 Ibid.
1316 1201 1360 1230 12.
1386 1205 1430 1232 De

134 1242 218 1269 solio.
240 1255 279 1259 —
297 1241 428 1275 Invia,
449 1240 467 1268 2
486 1241 560 1269 fehlt
580 1243 626 1269 ein
639 1242 775 1270 Verbum.
795 1256 833 1260 —
852 1243 894 1269 In
915 1240 939 1268 1.
953 1243 1050 1270 Nost.
1072 1240 1093 1267 A
1117 1240 1141 1273 1,
1159 1240 1173 1267 1
1194 1241 1396 1277 Aegyptiaca-

135 1277 156 1305 R
179 1277 204 1313 1,
226 1277 243 1306 5
267 1279 360 1306 Iussit
382 1279 433 1306 sed
460 1282 497 1306 et.
523 1294 560 1297 —
588 1277 608 1304 R
632 1276 655 1312 1,
676 1278 693 1305 7
718 1280 762 1307 Re
784 1288 876 1315 prona
900 1280 978 1307 nullo
1001 1288 1105 1315 corpus
1125 1278 1222 1315 paulo.
1243 1294 1246 1297 -
1270 1294 1276 1297 -
1301 1276 1321 1303 R
1347 1276 1374 1311 3,
1396 1276 1430 1306 10

131 1316 291 1345 zweifellos
310 1316 446 1351 korrupt;
474 1317 528 1344 lies
554 1317 596 1343 Ac
621 1324 712 1343 nexus
734 1325 809 1352 quae
827 1317 986 1353 ponderat?
1012 1332 1043 1337 --
1076 1318 1116 1344 In
1141 1315 1167 1343 2.
1192 1316 1291 1343 Noct.
1317 1314 1338 1341 A
1367 1315 1391 1348 1,
1413 1313 1430 1342 2

132 1355 245 1382 fluenti.
261 1368 297 1372 —-
316 1352 339 1380 A
353 1351 380 1388 3,
401 1353 418 1380 5
438 1354 627 1382 Intensivum.
642 1368 679 1373 —-
699 1352 720 1380 R
736 1354 761 1389 1,
783 1353 799 1382 9
819 1355 1007 1390 Aegyptiaea.
1083 1355 1124 1382 In
1145 1354 1255 1382 Laud.
1277 1353 1313 1381 ad
1325 1354 1431 1381 Bened·

133 1390 165 1425 A,
188 1390 205 1419 6
225 1391 353 1419 Tencam
380 1394 467 1418 terra.
488 1405 524 1411 »-
544 1391 587 1419 In
610 1390 635 1419 2.
650 1392 754 1428 Vesp.
776 1392 812 1419 ad
824 1393 923 1429 Magn.
944 1391 975 1426 A,
990 1390 1008 1420 3
1027 1392 1262 1426 Illustraturquo.

537 1494 564 1525 8.
595 1494 638 1525 De
659 1502 682 1524 s.
703 1493 803 1525 Maria
822 1493 1026 1534 Aegyptiaea.

268 1565 284 1597 1
293 1574 313 1596 n
340 1566 372 1597 1.
399 1564 427 1595 V
437 1573 454 1596 e
463 1572 507 1604 sp
518 1572 535 1595 e
544 1574 560 1595 r
570 1565 581 1595 i
591 1574 616 1598 S.
810 1565 848 1597 V.
881 1561 1004 1603 Corpus
1030 1563 1097 1594 eius
1119 1567 1157 1594 m
1177 1570 1259 1602 pace
1271 1560 1431 1600 sepultum

880 1611 942 1650 est,
977 1612 1005 1642 et
1034 1619 1153 1642 ‘nomen
1185 1609 1252 1641 eius
1283 1608 1365 1640 vivet
1395 1608 1431 1639 in

313 1657 407 1694 Super
424 1658 567 1685 Psalmos.
880 1660 1054 1690 aeternum.

130 1734 171 1768 A.
201 1735 338 1766 Instanti
362 1734 525 1766 soilemnio
1002 1722 1048 1750 Ad
1065 1720 1246 1758 Magmfioat.

200 1782 412 1821 Assurgentes
441 1782 566 1814 devotio
808 1771 849 1803 A.
879 1770 1102 1811 Magnificatur
1125 1770 1278 1803 Dominus

246 1828 365 1861 Nostra
389 1830 573 1872 gratuletur,
878 1821 908 1851 A
933 1817 1051 1850 sanctis
1076 1821 1108 1849 et
1131 1817 1289 1870 fidelibus,

197 1875 322 1908 Mariae
346 1877 525 1916 Aegyptiae
879 1866 938 1906 Qui
957 1866 1096 1919 'puisaml
1109 1865 1149 1897 ab
1172 1864 1324 1918 uberibus

196 1923 317 1955 Laudis
341 1922 535 1955 multifariae
881 1913 1017 1946 Mffl'lam
1042 1913 1115 1944 lotls
1140 1911 1275 1953 pedlbus

245 1970 370 2003 Titulus
396 1971 540 2004 donetur,
879 1960 980 1993 Duxit
1002 1961 1036 1992 in
1061 1959 1263 1992 solitudinem

125 2027 155 2059 R
196 2028 255 2060 Vir
278 2031 406 2060 sanctus
429 2028 570 2060 Zosimas
878 2008 969 2040 Dans
996 2007 1101 2040 cordis
1124 2006 1336 2039 latitudinem.

244 2075 425 2107 venerabile
450 2084 564 2115 corpus
589 2076 713 2108 Mariae
943 2093 973 2124 A
985 2093 1006 2125 d
1029 2091 1295 2125 Matutinum·

195 2122 319 2163 Sepelit
341 2123 477 2162 rigatum

241 2170 382 2202 lacrimis
405 2170 581 2202 devotionis
605 2171 679 2211 piae
1010 2166 1224 2194 Invitatorium.

195 2217 420 2257 Sollicitusque
444 2218 484 2250 de
879 2215 1051 2249 Iubilemus
1076 2213 1201 2246 Christo
1226 2213 1304 2253 regi,

242 2264 309 2296 eins
334 2264 486 2297 vocabulo
882 2262 941 2303 Qui
966 2263 1147 2294 sanctorum
1170 2260 1276 2292 iunxit
1299 2260 1387 2300 gregi

192 2312 316 2345 Nomen
340 2312 512 2354 gloriosum
881 2310 1017 2343 Mariam
1039 2307 1268 2349 Aegyptiacam

239 2360 318 2399 legit
342 2360 375 2392 in
401 2359 532 2400 sabu103
884 2358 946 2392 Per
970 2356 1183 2390 abundantem
1208 2356 1352 2396 gratiam.
