1655 2534
216 196 279 229 Dei
303 197 409 236 placet
430 197 496 230 filio

264 243 388 276 Sanctis
412 245 626 284 comprobata.

157 302 188 332 2.
216 301 338 339 Populo
362 301 564 333 Taxandriae

263 347 332 379 Lux
358 351 406 379 est
425 351 496 380 orta
517 348 600 380 iusto

216 394 316 426 Facto
341 398 434 433 patre
457 395 582 433 patriae

265 441 395 482 Virgine
418 444 541 474 onusto.

156 498 187 530 3.
214 497 338 529 Novum
364 500 494 529 cantans
520 499 675 530 canticum

263 543 408 584 Domino,
437 545 563 587 decora,

216 591 283 623 Nos
308 591 349 622 ad
374 600 505 633 regnum
531 592 679 624 caelicum

261 637 332 671 Duc
356 648 375 670 a
398 639 508 670 mundi
533 648 597 671 ora.

353 713 559 749 Responsoria.

157 769 189 803 1.
214 770 251 802 In
276 770 347 801 loco
372 770 513 802 solitario

261 815 328 847 Soli
352 817 493 849 serviens
518 817 651 849 Domino

216 863 304 895 Caeli
329 863 453 895 locatur
476 864 555 896 solio

261 909 397 949 Expleto
425 919 533 942 cursus
557 911 702 950 termino,

143 956 179 987 V.
214 957 298 989 Odas
323 957 465 997 virginea

263 1003 387 1035 Christo
414 1004 499 1036 canit
523 1004 593 1036 Oda
618 1005 741 1036 chorea.

154 1060 188 1091 2.
217 1059 304 1091 Caeli
326 1061 492 1092 coniuncta
515 1060 627 1092 incolis

263 1107 398 1138 Summis
425 1108 544 1140 ditatur
568 1108 727 1147 praemiis,

214 1154 336 1185 Mundo
361 1155 446 1185 salus
473 1154 660 1186 christicolis

260 1199 365 1240 Signis
391 1203 535 1233 coruscat
559 1202 674 1243 vam'is3

142 1247 179 1280 V.
212 1248 281 1280 Oda
307 1247 374 1279 Deo
401 1248 497 1288 digna

263 1294 315 1327 dat
346 1298 451 1327 terrae
477 1295 594 1326 caelica
619 1296 717 1334 signa.

156 1352 187 1383 3.
216 1350 383 1392 Christum,
408 1355 531 1391 patrem
556 1352 716 1390 luminum,

216 1398 380 1440 Sponsum,
408 1400 507 1438 virgo,
534 1399 699 1438 virginum,

260 1445 360 1477 Nobis
384 1445 437 1477 fac
460 1446 630 1484 placatum,

215 1494 258 1526 Ut
284 1501 304 1523 a
328 1493 411 1524 valle
431 1493 592 1524 criminum

211 1540 352 1580 Regnum
379 1541 420 1572 ad
446 1540 647 1571 interminum

256 1586 359 1618 Ducat
381 1596 438 1619 nos
463 1586 607 1626 beatum3

138 1634 177 1666 V.
208 1633 332 1674 Sponso
357 1634 473 1667 devota

257 1680 464 1713 famulantum
489 1680 539 1713 fer
563 1682 618 1721 pia
642 1683 725 1714 vota.

298 1786 344 1818 In
369 1785 600 1818 Laudibus,

351 1860 546 1897 Antiphonae.

150 1919 180 1951 1.
208 1919 277 1951 Oda
301 1918 390 1959 virgo
414 1919 549 1951 Domino

253 1967 401 2006 Regnans
425 1967 458 1998 in
485 1967 598 1998 decore

208 2013 335 2046 Emicat
356 2014 390 2046 in
414 2014 550 2046 termino

255 2061 330 2093 Lilii
356 2062 503 2095 candore.

147 2120 179 2154 2.
204 2119 242 2151 In
269 2118 319 2150 his
344 2122 450 2151 terrae
473 2118 617 2150 terminis

253 2167 321 2199 Deo
346 2166 479 2198 iubilate

206 2215 284 2247 Odis
310 2213 398 2246 Odae
422 2213 556 2253 virginis

252 2261 345 2295 Laeti
369 2261 548 2297 sanctitate.

146 2321 178 2352 3.
204 2319 265 2351 Dei
289 2319 347 2350 sub
372 2318 527 2351 velamine

252 2367 341 2399 Odae
365 2365 538 2399 exsultanti

764 103 808 139 93

893 200 931 231 In
956 199 1085 231 caelesti
1104 199 1222 231 lumine

943 247 1158 279 Collaetantur
1181 246 1293 280 sancti.

837 315 871 347 4.
894 313 1090 345 Benedicant
1111 312 1215 343 omnia

941 358 1110 391 Dominum
1135 358 1296 398 factorem.

893 406 1064 438 Vocantem
1088 406 1129 437 ad
1152 405 1269 445 gaudia

943 453 1054 492 odam,
1079 453 1189 484 mundi
1211 449 1331 486 florem.

840 520 870 552 5.
896 519 1034 550 Laetans
1062 518 1096 548 in
1123 516 1278 549 cubilibus

943 564 1062 598 Summi
1087 564 1156 596 Oda
1184 564 1276 605 regn,

898 612 1013 645 Gratas
1038 610 1092 642 fac
1117 610 1304 643 caelestibus

943 660 1004 691 Tui
1029 658 1105 690 odas
1130 657 1244 699 gregis.

1016 741 1062 768 Ad
1081 742 1263 769 Benedictus.

896 809 1096 848 Benedictus,
1118 808 1263 848 Domine,

894 856 939 887 Es
960 856 992 887 in
1019 855 1098 896 Oda,
1125 855 1246 894 virgine

943 902 1018 933 Tibi
1043 901 1200 940 dedicata,

894 948 985 988 Fide,
1013 948 1088 986 vita,
1114 948 1248 988 nomine,

897 996 1064 1027 Oculorum
1088 994 1206 1025 lumine

943 1042 989 1073 Te
1012 1041 1199 1079 illuminata,

899 1088 992 1120 Cuius
1016 1097 1071 1120 nos
1098 1086 1279 1127 precamine

895 1136 988 1167 Pacis
1013 1135 1209 1174 longitudine

943 1182 1021 1214 Frui
1047 1180 1099 1212 fac
1123 1181 1225 1212 beata.

966 1335 1010 1366 In
1037 1334 1067 1364 2.
1095 1332 1312 1373 VesperiS.

1040 1415 1234 1451 Antiphonae.

834 1482 863 1514 1.
892 1482 961 1514 Oda
985 1483 1052 1515 Deo
1077 1484 1177 1521 grata,

939 1529 1014 1561 fidei
1042 1529 1163 1560 virtute
1186 1528 1330 1572 probata,

891 1576 958 1608 Nos
982 1584 1077 1616 prece
1101 1579 1225 1607 sacrata

940 1624 995 1656 det.
1017 1623 1127 1655 vivere
1151 1623 1223 1654 luce
1245 1623 1349 1656 beat-a.

833 1690 863 1722 2.
889 1689 984 1730 Laus,
1012 1689 1108 1722 decus
1134 1689 1203 1721 Oda
1226 1689 1340 1729 gregis,

938 1737 1064 1769 divinae
1083 1737 1139 1768 lux
1163 1744 1243 1768 nova
1267 1737 1359 1780 legis,

888 1784 1007 1817 Christi
1032 1783 1160 1824 collegis

936 1840 993 1863 nos
1017 1831 1127 1872 iungat
1152 1830 1218 1863 filia
1240 1830 1338 1870 regis.

831 1900 862 1932 3.
886 1898 1010 1930 Nobilis
1036 1897 1106 1930 Oda
1130 1897 1190 1929 Dei

936 1946 1024 1986 virgo
1049 1945 1112 1988 pia⁷
1139 1943 1242 1976 forma
1265 1942 1352 1982 fidei,

889 1993 955 2025 Nos
982 1993 1023 2025 acl
1052 2001 1150 2032 regna
1174 1991 1246 2023 vehi

938 2041 1003 2072 veri
1028 2040 1110 2078 petit
1133 2039 1217 2070 alma
1242 2037 1315 2070 diei.

829 2108 860 2139 4.
887 2107 957 2139 Oda
980 2105 1044 2137 fide
1069 2105 1173 2144 digna,

937 2154 1083 2191 clamem,
1109 2152 1229 2191 pietate
1254 2150 1399 2190 benigna,

887 2200 955 2232 Nos
978 2199 1039 2231 tibi
1064 2199 1214 2238 consigna

936 2249 1020 2278 tutos
1044 2255 1064 2277 a
1087 2244 1200 2278 fraude
1225 2244 1370 2285 maligna.

831 2315 861 2347 5.
889 2313 996 2353 Virgo,
1022 2314 1176 2352 matrona,

936 2362 1021 2393 vitae
1047 2359 1198 2392 redimita
1220 2368 1344 2400 corona,
