1655 2534
670 74 923 111 ——178-

229 178 285 211 Cui
311 176 394 209 dulci
420 174 524 206 studio

225 225 340 266 Angeli
368 222 426 254 sub
451 224 603 259 tempore.

172 282 204 314 2.
229 279 387 319 Principis
412 278 491 309 haec
514 274 580 307 filia

280 325 448 358 Gressibus
474 321 597 355 decoris

229 373 379 405 Trahitur
402 370 577 410 fragrantia

278 416 435 452 Nazareni
459 415 556 452 floris,

229 466 311 497 Tota
334 464 467 505 pulchra
489 463 599 493 rutilat

280 511 372 544 Liliis
396 509 514 541 vallata

231 559 275 590 Et
297 558 330 588 in
353 556 483 598 psalmis
508 553 621 585 iubilat

280 604 399 643 Spiritu
423 603 546 642 levata3

164 653 204 684 V.
232 652 319 684 Iesse
341 649 450 681 florem
472 647 610 678 lucidum

280 696 392 736 Diligit
416 702 495 734 prae
519 692 671 730 omnibus,

232 742 466 779 Rubicundum‚
495 739 665 771 candidum

282 789 437 827 Colligens
463 795 502 818 ex
526 785 664 817 milibus.

178 839 209 871 3.
234 836 324 867 Haec
348 837 480 876 parente
502 832 627 871 nobilis,

236 882 357 922 Spiritu
379 879 440 912 fuit
462 879 600 918 humine,

284 929 337 960 Sic
362 928 457 967 digna
478 925 646 965 praeconio

284 974 333 1007 Ex
361 974 435 1006 doni
463 972 599 1012 fastigio,

237 1021 358 1053 Meruit
381 1020 432 1050 hic
457 1019 590 1058 gratiam

238 1067 282 1099 Et
305 1067 338 1097 in
364 1066 458 1097 caelis
483 1065 631 1106 gloriam;

172 1115 211 1147 V.
238 1113 333 1145 Brevi
355 1113 407 1144 hic
430 1111 556 1150 apicula

288 1159 465 1199 Congerens
491 1158 661 1195 dulcorem,

238 1207 292 1238 Ad
316 1206 455 1237 laborem
480 1204 591 1235 sedula

285 1252 417 1284 Dulcem
441 1259 499 1291 per
523 1257 670 1281 amorem.

329 1346 374 1377 In
400 1343 625 1376 Laudibus.

383 1407 575 1442 Antiphonae.

188 1457 219 1489 1.
243 1456 363 1488 Manna
386 1456 474 1495 virgo
500 1454 618 1494 colligit

293 1502 416 1534 Mariae
440 1508 592 1539 quaerens
617 1507 732 1536 aream¹

248 1548 380 1580 Dulcem
404 1547 528 1579 botrum
555 1545 643 1584 eligit

293 1594 429 1625 Veniens
454 1594 496 1624 acl
520 1593 655 1625 vineam.

194 1652 225 1683 2.
250 1649 326 1681 Flos
348 1650 382 1680 in
403 1656 477 1680 vere
502 1647 641 1687 canduit,

295 1694 421 1727 Floruit
444 1694 486 1726 ad
510 1695 652 1735 gratiam,

250 1742 369 1774 Fructu
392 1742 489 1772 multo
516 1740 628 1771 claruit

296 1788 484 1826 Adimplens
504 1786 667 1818 iustitiam

841 169 872 200 3.
899 167 1053 205 Sponsum
1079 164 1166 203 virgo
1191 159 1334 200 sequitur

946 212 1066 244 Ferens
1089 218 1195 241 secum
1219 208 1332 247 oleum,

947 259 1001 291 Ad
1023 259 1154 290 chorum
1177 255 1353 295 virgineum

903 306 1018 346 sponsi
1041 313 1135 336 manu
1162 302 1297 335 ducitur.

868 386 876 394 .
904 362 928 396 O
954 370 1047 402 quam
1074 360 1174 391 dulcis
1198 358 1287 398 visio,

950 409 1016 447 Qua
1042 408 1088 439 sol
1112 414 1207 438 verus
1233 403 1381 439 cernitur,

904 455 1057 495 Virginali
1083 453 1197 494 gaudio

951 503 1047 541 Quem
1073 501 1161 539 virgo
1188 495 1418 537 complectitur.

869 586 877 593 .
903 558 992 591 Haec
1015 557 1098 588 hosti
1123 554 1277 586 terribilis

952 605 997 637 Ut
1020 605 1195 635 castrorum
1219 600 1315 638 acies,

906 651 1029 684 Sanctis
1053 652 1101 681 est
1125 646 1308 687 spectabilis

954 698 998 730 Ut
1023 699 1179 728 astrorum
1205 693 1314 727 facies.

1018 771 1064 798 Ad
1088 768 1275 797 Benedictus.

875 844 882 853 .
908 819 1099 852 Benedictus
1123 826 1180 850 rex
1205 815 1334 857 gloriae,

911 866 969 905 Qui
998 865 1037 896 dc
1059 864 1131 897 lacu
1152 863 1300 895 miseriae

912 912 1064 945 Exsulem
1090 912 1131 943 ad
1157 910 1292 950 patriam

911 958 1076 998 Virginem
1100 957 1142 990 ad
1168 957 1288 996 regiam

960 1005 1105 1036 Dulciter
1129 1003 1265 1042 vocavit,

911 1051 1001 1083 Haec
1024 1059 1081 1083 nos
1106 1050 1170 1082 suis
1196 1048 1357 1089 precibus,

912 1098 1048 1137 Meritis,
1074 1097 1246 1128 virtutibus

914 1144 1065 1176 Perducit
1088 1145 1129 1176 ad
1154 1143 1291 1180 veniam,

915 1190 1057 1223 Gratiam
1083 1194 1115 1222 et
1140 1190 1283 1230 gloriam.

979 1285 1024 1316 In
1052 1286 1082 1315 2.
1110 1283 1330 1322 Vesperis.

1032 1356 1078 1384 Ad
1097 1356 1276 1392 Magnificat.

880 1440 887 1447 .
917 1414 1031 1446 Aulam
1056 1414 1156 1445 intrat
1180 1422 1299 1454 sponsa
1322 1413 1384 1445 Dei

918 1462 1012 1492 Anno
1039 1469 1113 1491 vero
1140 1459 1280 1499 iubilaei‚

967 1506 1153 1539 Sabbatizat
1175 1507 1328 1546 suaviter,

920 1553 1037 1592 Regem
1061 1554 1162 1584 cernit
1184 1553 1217 1584 in
1243 1553 1367 1592 decore,

925 1599 982 1632 Cui
1006 1599 1117 1631 laudes
1144 1608 1213 1630 cum
1240 1599 1370 1631 dulcore

971 1646 1113 1678 Resonat
1135 1646 1291 1686 hilariter,

924 1692 1002 1725 Eius
1026 1702 1131 1733 prece,
1157 1693 1230 1725 Iesu
1255 1693 1347 1730 bone,

925 1739 1027 1780 Terge
1051 1740 1172 1778 sordeS,
1199 1749 1256 1771 nos
1283 1748 1422 1772 coronae

967 1787 1083 1826 iungas
1108 1787 1322 1819 aeternaliter.

255 1853 340 1880 Brev.
363 1860 416 1879 ms.
444 1851 583 1880 Curiense
606 1849 638 1883 (‘?]
665 1858 739 1877 saec.
761 1848 805 1878 15
845 1850 1346 1887 Cod.Arch.Sanganen.Faba1-.
1366 1852 1418 1879 IX.
1439 1865 1478 1870 —

182 1891 223 1918 In
249 1888 274 1916 1.
299 1890 419 1960 Ὺεεέη
444 1889 490 1916 Ad
508 1889 578 1925 Mag
579 1898 606 1915 n.
627 1891 654 1921 Α,
678 1885 695 1915 3
721 1887 857 1915 Fervans.

423 1925 438 1953 1
460 1926 484 1954 O
504 1926 584 1954 fehlt
602 1940 641 1944 —
662 1922 683 1951 R
703 1923 730 1958 3,
750 1922 768 1952 8
787 1926 824 1952 In
840 1925 928 1960 fehlt3
950 1933 1076 1959 passam
1089 1941 1126 1945 —-
1145 1926 1189 1953 In
1207 1924 1235 1954 3.
1248 1926 1368 1953 Noeta
1384 1924 1405 1952 R
1422 1925 1448 1956 1
1462 1924 1480 1952 2

181 1925 353 1964 lege—R

887 1888 988 1915 —In
1014 1887 1038 1914 1.
1058 1888 1174 1916 Noeta
1203 1887 1224 1915 R
1246 1887 1271 1920 1,
1292 1886 1310 1916 3
1336 1890 1479 1916 Tucarius

182 1966 271 1993 Multi
290 1965 401 1993 formes.
415 1979 454 1984 —
469 1961 488 1989 R
510 1962 534 1996 1,
556 1961 574 1990 8
593 1963 669 1991 Ante
688 1963 736 1997 pie
756 1963 926 1997 quiescenti.
941 1976 980 1982 ·—-
994 1962 1014 1989 R
1034 1960 1060 1995 3,
1081 1962 1099 1989 7
1118 1964 1231 1990 Brevis.
1245 1977 1284 1982 —-
1296 1963 1333 1990 In
1351 1963 1480 1991 Laud.

187 2003 206 2028 Α
226 2001 253 2036 2,
277 2001 288 2029 1
311 2004 344 2029 in
363 2003 432 2029 fere.
447 2016 484 2022 -—
498 2001 517 2027 Α
536 1999 562 2033 5,
578 1999 596 2027 2
614 2000 655 2027 Et
673 2002 842 2027 castrorum.
854 2013 893 2018 ——
905 1999 952 2027 Ad
969 2000 1077 2027 Bened.
1099 1998 1129 2033 Α,
1144 1998 1161 2027 1
1182 2004 1228 2028 est
1245 2009 1306 2028 rex.
1325 2016 1364 2022 -—
1385 2002 1484 2029 Hiezu

186 2040 234 2068 die
252 2040 404 2074 Hymnen:
425 2039 509 2066 Anal.
532 2038 642 2071 XXIII,
663 2037 714 2065 ΝΥ.
734 2035 789 2063 471
811 2045 854 2072 sq.

622 2110 668 2141 64.
698 2109 739 2141 De
760 2110 865 2140 sancto
888 2109 1027 2141 Sebaldo.

324 2173 370 2203 In
396 2171 426 2204 1.
452 2171 558 2210 Vesp
572 2171 664 2203 eris.

368 2234 460 2271 Super
482 2235 621 2263 Psalmos.

194 2285 235 2316 A.
262 2283 459 2323 Nuremberg
483 2282 637 2314 attollezis

305 2330 453 2361 sollemni
477 2333 619 2368 patrono,

930 2170 1051 2202 Fructu
1074 2171 1147 2202 novi
1170 2172 1307 2203 muneris

979 2216 1106 2248 Gaudes
1129 2217 1191 2249 Dei
1218 2218 1309 2259 dono,

935 2262 1089 2295 Gloriaris
1114 2265 1248 2304 amplius

981 2310 1120 2343 Urbibus
1142 2312 1264 2352 vicinis,
