1655 2534
764 133 1019 169 —317—

689 230 814 265 Procopi
832 230 1008 263 beatissime,

691 268 811 294 Iunctus
830 267 918 295 hodie

692 304 829 332 Coetibus
850 305 1026 341 angelorum,

692 342 752 372 Ora
771 351 823 379 pro
844 343 929 371 nobis
950 351 1044 379 regem
1065 342 1218 369 caelorum.

314 412 378 442 209.
400 415 568 448 Quinque
594 416 790 445 vulnerum
816 417 975 451 Christi,
999 415 1026 444 4.
1055 417 1134 444 Iunii
1160 413 1221 452 [fol.
1244 413 1341 452 164a].
1380 413 1402 442 Α
1427 416 1537 443 Assunt

237 454 423 479 sacrosancta
442 452 523 488 festa,
544 452 629 480 Anal.
650 454 758 488 XXIV,
779 455 808 482 S.
829 453 874 482 20.
914 455 1016 483 Danu:

671 510 705 537 A.
731 511 788 539 Sex
807 511 928 538 millena
947 513 1121 538 sexcentena

769 570 880 576 .....
904 549 1025 576 vulnera

729 586 880 622 Sexagena
900 588 988 622 atque
1007 595 1077 613 sena

764 624 825 651 illis
846 625 1004 660 aggregata

725 661 817 688 Nobis
838 670 857 688 a
875 662 1007 697 gehenna

765 700 825 726 sint
843 699 936 735 tutela
953 701 1045 734 grata.

311 771 374 800 210.
396 773 546 807 Quirini
567 775 716 809 martyris,
743 774 867 808 tribuni,
898 771 944 801 30.
970 774 1072 801 Martii
1102 771 1162 810 [sol.
1185 771 1284 810 112a].
1330 774 1431 801 Neben
1456 775 1535 801 einer

233 811 422 846 prosaischen
440 811 575 846 folgende
594 810 612 838 2
633 811 681 843 ΛΑ,
703 813 750 838 die
770 812 840 838 aber
860 811 932 838 auch
955 811 1230 847 Hymnenstrophen
1250 813 1313 838 sein
1333 811 1476 838 ko'nnten:

290 865 421 902 Quirine,
442 870 552 902 martyr
571 868 680 901 inclite,
974 869 1102 901 Quirine,
1124 868 1182 894 dux
1203 868 1334 898 militiae,

290 905 421 940 Dignare
440 913 494 931 nos
516 906 651 938 invisere,
970 906 1059 932 Aufer
1079 905 1191 940 pondus
1213 906 1349 938 malitiae,

291 942 332 969 Ut
352 951 418 969 cum
438 951 562 977 superno
582 951 702 970 munere
970 943 1055 969 Nunc
1074 943 1129 969 duc
1150 950 1201 976 per
1220 943 1456 978 gubernaculum,

293 980 354 1007 Deo
376 987 516 1015 queamus
536 980 670 1015 psallere.
972 980 1044 1006 Post
1063 979 1098 1006 ad
1119 979 1194 1006 caeli
1210 981 1386 1007 cenaculum.

308 1053 373 1082 211.
392 1054 569 1082 Reinoldi
589 1056 734 1089 martyris,
754 1033 781 1081 7.
801 1056 863 1082 Ian.
885 1052 945 1088 [fol.
961 1052 997 1082 53
1005 1052 1045 1088 b].
1080 1054 1169 1081 Diese
1189 1055 1386 1082 Bruehstfioke
1400 1055 1465 1082 sind
1484 1056 1532 1082 bei

233 1094 297 1120 dem
319 1091 453 1121 Officium
473 1090 556 1118 Anal.
578 1093 687 1125 XVIII,
707 1093 757 1120 Nr.
779 1091 815 1120 60
835 1094 995 1120 verwertet.

308 1166 372 1195 212.
392 1167 560 1195 Remacli
583 1169 721 1204 episcopi,
743 1165 769 1196 3.
784 1168 862 1203 Sept.
885 1165 945 1204 [fol.
963 1165 1062 1203 190b].
1096 1168 1244 1204 Folgeude
1257 1168 1300 1194 als
1315 1167 1333 1193 Α
1348 1167 1534 1195 bezeichnete

231 1208 353 1272 Xfrssgih
366 1206 423 1271 {¹:11
426 1204 523 1270 eiifflgs,
550 1205 623 1233 aller
644 1206 963 1233 *Wahrscheinlichkeit
982 1206 1058 1233 nach
1082 1206 1161 1232 einer
1189 1204 1320 1240 Sequenz
1350 1207 1533 1233 entuommen

633 1292 667 1318 A.
692 1292 715 1319 O
735 1292 878 1324 Remaele,
899 1299 1025 1318 vernans
1045 1299 1120 1323 rosa,

690 1330 780 1357 Grata
801 1330 856 1357 tibi
876 1330 915 1356 sit
933 1329 1007 1356 haec
1025 1336 1113 1364 prosa

687 1369 732 1396 Tu
751 1376 804 1394 nos
826 1366 940 1394 Christo
961 1366 1008 1393 die
1027 1367 1085 1394 isto

708 1405 869 1432 Clementer
887 1404 1021 1432 concilia.

686 1442 810 1471 Praesul
829 1451 953 1478 magnae
974 1442 1135 1478 dignitatis,

688 1482 747 1509 Ora
765 1481 872 1507 fontem
893 1481 1020 1515 pietatis,

686 1520 728 1547 Ut
746 1527 799 1545 nos
820 1526 919 1545 omnes
938 1526 957 1545 a
976 1518 1103 1553 peccatis

722 1556 844 1583 Mundet
863 1556 934 1583 data
952 1556 1048 1583 venia.

305 1633 369 1663 213.
389 1635 576 1668 Richardi,
598 1635 727 1670 episcopi
742 1636 771 1662 et
784 1633 966 1667 confessoris⁷
988 1631 1005 1661 3
1029 1633 1097 1669 Apr.
1114 1631 1147 1660 1ι
1163 1631 1222 1669 [fol.
1233 1631 1270 1661 83
1278 1630 1318 1668 b].
1351 1633 1414 1660 Nur
1427 1634 1492 1660 eine
1506 1632 1534 1666 Α,

233 1673 280 1700 die
302 1674 364 1701 sich
384 1674 428 1701 als
450 1675 515 1701 eine
535 1672 748 1708 Nachahmung
767 1672 817 1699 des
838 1672 897 1699 Ave
915 1673 1011 1706 reqz'na
1029 1674 1159 1699 caelorum
1178 1680 1215 1698 zu
1235 1671 1383 1698 erkennen
1402 1670 1496 1706 giebt:

676 1730 748 1764 Ave,
769 1729 887 1756 coheres
909 1728 1063 1761 caelorum,

678 1767 749 1800 Ave,
770 1766 923 1799 Richarde,
943 1766 996 1793 lux
1015 1766 1190 1802 Anglorum3

679 1804 774 1839 Salve,
795 1804 867 1831 oleri
885 1812 995 1839 norma,

678 1843 725 1871 Ex
745 1851 802 1879 quo
823 1843 897 1870 nitet
914 1844 994 1870 vitae
1013 1842 1119 1877 forma3

678 1881 787 1914 Gaude,
808 1881 944 1916 gloriose,

677 1920 758 1947 Inter
778 1920 894 1946 sanctos
915 1919 1060 1954 speciose3

679 1957 754 1985 Vale
773 1964 845 1984 voce
866 1965 974 1984 canora

679 1995 720 2023 Et
739 1996 858 2023 caelesti
878 1995 953 2022 dono
982 2003 1036 2022 nos
1063 2003 1177 2030 semper
1201 1996 1302 2021 irrora.

302 2042 337 2070 20
360 2041 422 2080 [fol.
446 2041 536 2080 149a]
556 2044 634 2072 steht
654 2043 788 2071 dasselbe
807 2043 883 2070 noch
903 2043 1019 2070 einmal.

302 2118 367 2147 214.
388 2120 477 2147 Rich
485 2120 582 2153 ardi,
605 2120 735 2156 episcopi
755 2121 785 2147 et
802 2119 948 2153 martyris,
971 2118 1046 2145 ohne
1066 2118 1174 2145 Datum
1195 2114 1256 2152 [fol.
1276 2114 1313 2144 82
1321 2114 1361 2153 b].
1400 2117 1463 2144 Nur
1483 2117 1534 2144 das

223 2158 380 2194 Folgende‚
401 2158 454 2185 das
476 2158 544 2186 eher
563 2159 619 2185 wie
639 2158 690 2185 der
710 2157 826 2185 Schluss
848 2157 927 2184 einer
948 2155 1081 2192 Sequenz
1102 2155 1246 2182 aussieht:

681 2214 705 2242 O
726 2213 879 2246 Richarde,
901 2214 952 2249 qui
971 2214 1016 2240 tot
1035 2213 1121 2248 signa

679 2254 814 2280 Praestas
837 2252 931 2288 aegris
951 2250 1038 2278 laude
1058 2250 1155 2286 digna,

679 2291 770 2319 Sacra
788 2298 877 2317 manu
896 2298 950 2316 nos
972 2289 1120 2324 consigna,

678 2329 736 2363 Qui
756 2328 922 2364 plantamus
942 2327 1047 2357 fenum,
1067 2327 1156 2362 ligna,

676 2367 775 2403 Purga
797 2374 881 2402 prece
901 2373 954 2392 nos
975 2365 1109 2401 benigna,

716 2405 760 2434 Ut
777 2405 906 2431 fruamur
925 2403 1028 2441 gloria.
