1655 2534
199 893 219 922 1:⁴¹)

184 1075 223 1109 V.

707 102 939 140 —46.-

221 225 229 233 .
253 201 414 234 Fundavit
434 201 517 233 hanc
538 200 707 233 altissimus

257 250 357 281 Homo
383 251 473 280 natus
499 249 701 290 humillimus,

254 296 349 328 Cuius
374 298 406 326 te
431 295 521 327 decet
546 295 660 327 caritas

255 342 377 384 Activa,
403 342 464 374 Dei
490 342 610 375 civitas

393 435 597 470 Responsoria.

223 536 230 543 .
256 511 294 542 111
318 510 476 550 quoddam
500 510 578 542 caeli
605 510 747 542 dominus

303 558 471 589 Castellum
497 557 637 596 intravit,

257 604 321 636 Ubi
346 612 414 634 eum
433 604 577 643 protinus

302 650 447 689 Hospitio
471 650 600 681 Martha
622 648 771 681 servavit.

256 696 282 728 O
306 704 397 728 sacra

303 745 335 774 et
358 741 435 773 felix
458 742 623 782 Bethania,

255 788 341 827 Quae
366 789 460 828 digna

302 844 334 867 es
359 835 476 867 Christi
501 834 689 875 praesentia.

224 917 231 923 .
254 890 422 922 Natantem
447 890 532 922 unda
554 890 694 929 suffocat,

254 938 349 975 Quem
374 937 501 969 Martha
525 945 620 976 prece
641 937 778 975 revocat,

256 983 338 1014 Nam
361 984 451 1014 vivus
475 983 576 1023 surgit
597 983 728 1022 iuvenis,

255 1030 350 1067 Quem
374 1033 526 1061 merserat
550 1029 597 1060 vis
621 1027 766 1067 fluminis,

249 1076 384 1108 Multum
410 1075 490 1107 enim
514 1075 622 1115 valuit,

255 1123 343 1161 Quod
349 1122 478 1154 Martha
487 1122 658 1162 deprecare
666 1120 796 1153 studuit.

200 1177 231 1211 3.
255 1177 393 1209 Monstri
417 1177 552 1209 crudelis

185 1549 225 1580 V.

300 1224 466 1255 multorum
490 1225 574 1255 mot—a
598 1224 732 1263 querelis

253 1270 383 1303 Martha
409 1270 515 1302 domat
537 1269 646 1306 rictus,

299 1317 440 1349 abscedit
457 1317 538 1347 enim
565 1317 659 1348 draco
676 1317 795 1357 victus,

252 1363 352 1395 Terra
374 1363 442 1395 Deo
468 1362 579 1402 credit,

298 1412 425 1440 sanctae
446 1409 537 1449 plebs
558 1410 656 1441 omnis
679 1409 796 1449 obedit,

251 1456 415 1495 Templum
439 1459 590 1494 sacratur,

296 1511 354 1541 per
372 1501 528 1533 Christum
541 1502 629 1542 virgo
646 1505 795 1542 vocatur;

252 1548 399 1580 Centenis
423 1556 523 1587 aeque

295 1594 417 1626 vicibus
441 1597 596 1633 noctuque
621 1595 733 1635 dieque

252 1641 361 1674 Flexis
383 1641 560 1681 poplicibus

297 1687 427 1719 incubat
450 1687 528 1719 haec
551 1687 709 1727 precibus

306 1837 353 1869 In
378 1839 410 1870 3.
434 1836 662 1870 Nocturno.

393 1929 584 1965 Antiphonae.

217 2031 224 2038 .
252 2004 374 2037 Novum
401 2008 525 2037 cantate
550 2007 705 2038 canticum

248 2053 326 2092 Deo,
353 2052 406 2092 qui
428 2052 576 2085 Marthae
601 2053 749 2084 caelicum

249 2099 371 2131 Lumen
395 2099 508 2139 pandit
530 2101 563 2131 in
586 2099 692 2140 patria

251 2145 295 2177 Et
317 2147 428 2178 summi
451 2147 552 2186 patris
576 2147 668 2180 atria.

217 2228 224 2235 .
249 2201 398 2234 Exsultet
420 2205 507 2235 terra
528 2204 649 2235 meritis

248 2247 397 2281 Marthae
423 2250 621 2289 congaudens
644 2249 773 2292 inclitis,

248 2295 333 2334 Quae
360 2296 458 2328 vitam
480 2299 569 2337 pavit
590 2298 751 2330 hominum

246 2341 290 2374 Et
314 2343 495 2384 angelorum
520 2345 688 2379 dominum.

871 201 903 233 3.
929 198 1075 231 Salvator
1096 195 1255 228 mirabilia

928 243 1031 285 Fecit,
1056 246 1149 284 pater
1173 252 1211 275 ex
1236 242 1304 275 filia.

927 293 1011 325 Dum
1036 290 1129 331 panis
1155 289 1235 322 caeli
1258 289 1402 322 nascitur

928 339 973 371 Et
995 338 1145 371 Marthae
1168 345 1252 377 pane
1273 336 1427 377 pascitur.

1063 440 1268 475 Responsoria.

894 542 901 549 .
927 517 1059 556 Lumen,
1084 516 1168 556 quod
1193 515 1346 548 exstinxit

972 562 1071 595 hostis
1097 563 1193 603 dirus,

926 610 1149 649 Reaccensum,
1176 612 1336 641 carentum

973 656 1097 697 ignibus
1122 658 1234 696 stupor
1257 655 1294 687 fit
1317 656 1427 697 mirus,

926 703 1142 735 Territam
1164 703 1344 735 consolatur

971 749 1131 782 Martham
1155 749 1296 782 salvator

925 797 971 828 Et
992 796 1034 828 ad
1059 796 1162 828 caelos
1189 796 1312 828 dulcem

973 846 1065 875 vocat
1089 843 1317 882 hospitam,

886 915 893 922 .
926 889 1040 922 Grates
1064 890 1219 921 Dominus

973 935 1079 967 multis
1104 936 1262 976 obsequiis

1016 981 1153 1014 famulae
1177 984 1368 1022 rependens.

867 1043 874 1053 ‘
891 1064 898 1070 .
925 1037 1054 1070 Praesul
1078 1038 1119 1070 ad
1142 1040 1305 1078 exsequias

970 1084 1119 1116 Marthae
1143 1095 1161 1116 a
1186 1085 1310 1118 Christo
1334 1088 1464 1118 vocatur

925 1131 984 1162 Rei
1010 1131 1126 1163 veritas
1150 1132 1268 1172 populo

973 1177 1161 1209 chirothecis
1171 1178 1298 1218 publice
1309 1179 1473 1220 probatur,

925 1224 1023 1256 Libro
1048 1223 1174 1256 Domini

969 1271 1100 1303 Martha
1122 1271 1290 1312 laudatum

1466 1113 1474 1129 2

885 1345 892 1352 .
923 1318 1000 1349 Octo
1025 1318 1190 1357 praevenit.
1215 1318 1297 1350 hanc
1322 1318 1440 1350 dilecta

924 1364 1021 1396 Soror
1047 1364 1157 1396 diebus
1184 1365 1269 1397 caelo
1297 1369 1395 1407 vecta,

925 1410 1073 1442 Succedit
1095 1412 1176 1442 haec
1201 1411 1311 1444 electa.

891 1493 898 1500 .
925 1467 949 1499 O
977 1459 1097 1499 Christi
1120 1466 1198 1499 felix
1220 1467 1359 1509 hospita,

926 1514 1012 1552 Quae
1037 1521 1132 1546 carne
1155 1515 1217 1545 iam
1245 1515 1390 1554 deposita

924 1562 953 1591 A
977 1561 1050 1592 Iesu
1073 1563 1165 1600 pasto
1191 1561 1333 1600 pasceris

923 1607 965 1640 Et
993 1606 1123 1639 collecto
1149 1608 1318 1648 colligeris,

924 1654 1061 1694 Indigna
1084 1654 1226 1686 membra
1252 1654 1350 1695 capiti

924 1701 989 1732 Nos
1015 1704 1068 1731 tuo
1091 1701 1202 1740 iungas
1228 1702 1363 1743 hospiti;

885 1774 892 1781 .
920 1747 1045 1780 Memor
1069 1750 1136 1779 esto
1159 1748 1332 1788 positorum

968 1794 1001 1826 in
1026 1794 1086 1826 hoo
1110 1796 1233 1835 exsilio,

924 1841 1010 1879 Quae
1033 1841 1096 1873 iam
1122 1843 1300 1875 convivaris

974 1897 1043 1919 cum
1067 1888 1128 1920 Dei
1153 1888 1229 1922 filio.

1009 2029 1055 2060 111
1079 2027 1314 2062 Laudibus.

1065 2129 1259 2165 Antiphonae.

867 2204 897 2236 1.
925 2204 1057 2237 Martha
1079 2205 1149 2238 sine
1171 2206 1250 2239 vitio

973 2251 1098 2285 Christo
1123 2253 1327 2294 ministravit,

922 2299 962 2332 Iu
985 2298 1074 2331 cujus
1097 2300 1236 2341 hospitio

970 2346 1123 2381 Dominus
1149 2349 1304 2389 regnavit.
