1655 2534
687 114 943 150 ——269—

164 206 204 238 V.
239 206 392 240 Dilectus
418 208 489 241 Deo
516 213 550 241 et
572 209 769 252 hominibus,

235 254 386 287 Fulcitus
411 256 505 288 bonis
532 257 699 296 operibus.

291 349 338 380 In
365 350 396 383 3.
422 350 661 382 Nocturno.

379 423 574 460 Antiphonae.

179 480 210 512 1.
236 480 274 512 In
300 480 439 514 Domino
467 481 662 514 confidendo

235 527 423 561 Victorinus
449 532 484 561 et
506 529 680 570 psallendo

237 575 414 615 Nunquam
439 579 549 608 tamen
575 576 776 616 desperavit,

237 621 303 654 Sed
329 631 365 654 se
391 632 517 663 poenae
541 623 733 663 subrogavit

285 669 464 703 Voluntate
487 670 635 710 propria.

181 726 212 757 2.
236 725 306 757 Fac
330 734 382 757 me
409 730 518 758 tecum
544 726 706 766 habitare,

237 772 389 813 Domine,
416 775 494 814 quia
517 782 641 805 memor
665 771 712 804 fui

238 819 392 851 Iustitiae
418 824 494 853 tuae
519 821 631 852 solius.

180 877 211 908 3.
239 875 409 909 Laetabor
434 877 468 908 in
488 877 612 908 virtute

239 923 321 963 Tua,
347 922 499 963 Domine,

236 970 282 1001 Et
309 978 409 1010 super
434 971 581 1003 salutare
606 972 697 1000 tuum

237 1017 432 1049 Exsultabit
457 1027 514 1049 cor
538 1025 643 1048 meum

237 1064 276 1096 In
300 1067 481 1096 aeternum.

382 1156 590 1192 Responsoria.

181 1226 213 1257 1.
240 1225 447 1264 Imperatore
470 1224 530 1256 sub
554 1223 665 1255 Nerva

239 1272 413 1303 Aureliani
437 1273 595 1312 proterva

241 1318 338 1350 Mens
364 1318 451 1350 irata
474 1317 602 1350 fervide

243 1365 399 1398 Sanctum
424 1365 518 1397 iubet
540 1364 746 1396 Victorinum

240 1412 451 1452 Suspendere
477 1421 577 1452 super
601 1412 706 1443 rivum

241 1460 359 1500 Aquae
385 1460 484 1492 valde
508 1458 663 1491 foetidae.

169 1507 208 1538 V.
242 1507 343 1539 Plebs
368 1507 538 1547 implorat,

238 1554 377 1586 Sanctus
404 1557 494 1586 orat:

240 1601 264 1634 O
291 1601 442 1642 Domine,

241 1648 376 1680 Exaudi
400 1657 453 1680 me

286 1695 351 1727 Pro
380 1699 414 1728 te
439 1694 679 1727 invocantibus.

180 1754 211 1784 2.
240 1751 264 1784 O
292 1751 432 1784 celebris
458 1750 728 1789 archimandrita,

241 1798 322 1838 Spes
349 1801 383 1829 et
408 1799 498 1831 salus
523 1799 558 1830 in
583 1798 647 1830 hac
672 1797 752 1839 vita,

241 1846 265 1878 O
291 1846 447 1879 virtutum
473 1847 619 1886 lucerna,

240 1893 264 1925 O
290 1893 441 1933 pontifex
466 1892 664 1932 venerande,

238 1940 335 1972 Fulci
359 1950 420 1974 nos
446 1950 590 1980 superna
613 1939 733 1980 laude3

168 1988 207 2021 V.
238 1988 386 2028 Praesta,
412 1991 519 2029 pater,
546 1986 754 2020 constantiae

238 2036 379 2076 Lucem,
404 2035 509 2068 facem
536 2034 732 2068 concordiae

286 2083 340 2115 Ad
366 2086 503 2116 aeterna
528 2083 659 2124 gaudia.

183 2142 214 2173 3.
241 2140 339 2171 Felix
365 2141 460 2173 sidus
486 2141 680 2180 medicinae,

241 2186 371 2219 Lucens
396 2191 435 2219 ut
460 2189 522 2229 sol,
547 2187 730 2228 Victorine,

284 2234 374 2266 Vera
398 2244 475 2276 spes
502 2236 674 2275 ecclesiae,

237 2281 353 2313 Hostis
380 2283 436 2324 qui
462 2283 509 2315 sis
534 2284 651 2324 tutela,

236 2328 409 2362 Adversus
434 2331 566 2363 morbos
592 2330 724 2363 medela

287 2376 452 2418 Tempore
477 2378 668 2420 angustiae3

846 211 885 243 V.
915 212 1021 249 Salve,
1044 213 1178 252 praesul
1204 215 1236 244 et
1261 215 1409 252 patrone,

915 259 966 290 Tu
990 259 1036 290 sis
1054 260 1143 291 salus
1161 262 1296 291 nostrae
1315 267 1465 290 coronae.

1004 352 1020 383 I
1029 362 1051 383 n
1075 353 1104 385 L
1115 363 1135 385 a
1144 362 1165 384 u
1176 352 1196 384 d
1205 353 1217 384 i
1225 353 1245 384 b
1256 362 1277 384 u
1286 362 1312 384 s.

1060 426 1252 462 Antiphonae.

861 484 892 516 1.
918 483 1082 516 Mirabilis
1106 484 1276 524 Dominus,

918 531 1019 569 Quem
1044 534 1176 563 sanctus
1201 530 1389 562 Victorinus

916 578 955 609 In
981 578 1065 610 caeli
1087 578 1203 610 laudat
1229 577 1321 609 curia

919 624 1038 664 Spreta
1061 625 1173 657 mundi
1198 624 1315 664 gloria.

890 705 896 712 .
923 680 1086 713 Victorini
1112 681 1307 720 constantia,

924 727 1014 766 Quae
1040 729 1142 760 servit
1168 737 1239 760 cum
1263 726 1395 759 laetitia

922 774 1067 815 Christo,
1093 778 1170 815 post
1195 774 1349 806 exsilium

921 820 1067 861 Sumpsit
1092 822 1177 853 caeli
1200 820 1390 862 praemium.

886 902 893 908 .
920 877 1085 909 Virtutem
1109 878 1173 909 Dei
1199 877 1322 917 gloriae

920 923 1109 956 Victorinus
1135 925 1292 956 victoriae

919 970 958 1002 In
983 970 1119 1003 aethere
1144 971 1385 1010 contemplatur

920 1017 966 1049 Et
992 1026 1065 1049 cum
1090 1018 1214 1049 sanctis
1241 1017 1410 1057 glon'atur.

887 1101 893 1107 .
921 1074 986 1114 Sol,
1012 1074 1101 1115 luna,
1127 1073 1315 1106 benedicite

923 1121 971 1153 Et
994 1122 1127 1153 laudem
1152 1121 1223 1153 Deo
1252 1120 1362 1160 dicite,

923 1168 1117 1200 Victorinus
1142 1168 1177 1200 in
1203 1167 1402 1200 caelestibus

923 1215 1003 1247 Orat
1025 1224 1085 1255 pro
1112 1216 1180 1247 suis
1204 1214 1367 1246 fidelibus.

888 1296 894 1303 .
921 1271 1062 1303 Praesul
1087 1272 1170 1303 alme
1194 1270 1376 1310 Victorine,

922 1319 1101 1351 Possessor
1127 1319 1211 1350 caeli
1236 1318 1371 1358 gloriae,

923 1366 971 1397 Te
984 1365 1123 1397 laudant
1132 1365 1250 1396 turbae
1261 1364 1471 1399 caelestinae,

923 1413 1194 1453 Triumphantem
1219 1412 1319 1443 hodie

922 1460 1015 1491 Inter
1041 1460 1159 1491 choros
1185 1459 1375 1499 angelorum

922 1506 1150 1548 Monarchiae,

922 1554 1012 1586 Audi
1037 1563 1137 1587 voces
1164 1554 1361 1587 canentium.

1049 1628 1094 1656 Ad
1116 1628 1283 1656 Bendictus.

886 1712 892 1719 .
926 1686 1054 1726 Corpus
1081 1690 1193 1719 terrae
1219 1686 1476 1726 commendatur,

924 1734 1045 1766 Anima
1070 1735 1161 1767 caelo
1189 1733 1330 1766 donatur

921 1781 986 1813 Per
1012 1782 1146 1822 angelos
1173 1781 1350 1821 deportata

921 1828 975 1860 Ad
1000 1838 1139 1861 amoena
1165 1829 1248 1861 caeli
1272 1831 1383 1868 prata,

921 1876 1029 1907 Voccs
1055 1879 1173 1909 sonant
1196 1876 1427 1916 praelatorum.

924 1923 1080 1956 Gaudent
1105 1925 1197 1956 chori
1221 1924 1420 1963 angelorum.

924 1970 1009 2003 Dum
1034 1971 1225 2003 Victorinus
1252 1973 1439 2002 sanctorum

969 2018 1078 2050 Adest
1103 2017 1329 2050 contubernio.

988 2103 1035 2135 In
1061 2105 1091 2135 2.
1119 2103 1350 2143 Vesperis.

1042 2177 1088 2205 Ad
1107 2176 1286 2213 Magnificat.

887 2261 893 2267 .
926 2235 1024 2267 Felix
1049 2235 1116 2268 ista
1140 2236 1259 2276 patria,

923 2283 1114 2315 Victorinus
1140 2284 1174 2315 in
1201 2292 1265 2323 qua
1287 2286 1395 2324 natus,

922 2330 1078 2371 Felicior,
1106 2331 1157 2362 cui
1182 2331 1373 2371 prodigiose

926 2378 963 2410 In
988 2379 1176 2420 praesulem
1203 2378 1299 2414 datus
