1655 2534
300 217 469 258 Susceptor
493 217 666 259 mitissime,

300 265 440 304 Tergens
464 264 610 296 vitiorum

298 311 440 343 Maculas
464 311 609 350 omnium,

304 357 438 391 Servans
460 358 642 390 meritorum

302 404 448 437 Praemia
470 404 639 444 bonorum3

302 452 374 484 Iesu
398 451 460 491 pie,
486 452 527 483 ad
550 450 674 483 Mariae

350 499 446 531 Salva
469 507 526 529 nos
550 497 740 538 precamina,

302 544 348 576 Ut
369 547 403 576 te
425 544 537 584 solum,
562 552 681 576 summe
696 543 823 582 bonum,

352 590 530 623 Laudemus
552 591 585 623 in
608 590 742 621 saecula.

359 683 420 715 Ad
446 682 712 715 Matutinum.

433 756 647 783 Invitatorium.

307 812 436 844 Stellam
460 812 618 845 Christum
643 813 825 844 matutinam

353 860 429 892 Cum
453 859 558 891 Maria
581 860 819 898 praestolantes,

307 905 357 937 Ne
380 905 448 937 sola
471 907 533 938 stet
557 904 635 937 foris
658 906 796 945 plorans,

351 952 417 984 Nos
443 960 511 983 cum
536 960 573 983 ea
596 952 769 991 vigilemuS,

972 216 1021 249 Ut
1042 223 1101 255 per
1123 216 1248 246 noctem
1264 220 1357 252 quem
1371 211 1525 244 insomnis

1022 262 1234 302 Quaeritando
1262 260 1429 298 dilexerat,

976 309 1066 340 Hunc
1087 309 1248 340 inventum
1270 315 1376 339 omnes
1400 314 1465 336 una

1022 355 1225 389 Procidentes
1251 354 1429 386 adoremus

1033 498 1078 529 In
1107 496 1136 528 1.
1163 496 1392 528 Nocturno.

1095 569 1332 604 Responsorium.

919 628 949 660 3.
977 627 1175 659 Gaudeamus
1199 626 1233 657 in
1258 625 1318 657 hac
1343 626 1394 658 die

975 674 1185 706 Recurrentes
1209 672 1252 704 ad
1274 672 1399 704 Mariae

1022 721 1156 753 Fontem
1181 719 1406 760 paenitentiae,

980 767 1017 798 In
1028 775 1117 806 quem
1127 775 1162 798 se
1174 767 1244 797 dum
1255 766 1396 805 prudens
1404 766 1525 805 mersit,

978 813 1094 845 Sordes
1118 813 1232 844 mentis
1259 815 1386 845 cunctas
1411 812 1504 844 tersit

1022 860 1113 891 Dono
1138 859 1331 902 sapientiae3

906 906 944 939 V.
974 906 1027 937 Ad
1053 905 1171 937 fontem
1196 907 1281 937 vitae

1024 952 1181 985 Christum
1193 952 1397 992 properando
1411 952 1525 984 venite.

311 1025 393 1052 Brev.
424 1033 466 1051 ms
508 1025 536 1052 S.
567 1024 699 1053 Coronae
727 1033 801 1053 saec.
827 1024 871 1053 14.
917 1026 985 1052 Cod.
1013 1027 1134 1061 Pragen.
1162 1027 1222 1053 XII
1245 1026 1272 1052 E
1297 1024 1314 1053 6
1336 1034 1362 1052 a.
1386 1039 1425 1044 -—
1445 1024 1526 1053 Alles

236 1061 382 1089 Fehlende
401 1063 565 1098 p1·csaiseh;
585 1062 734 1097 Hymnus:
753 1063 892 1098 Magnum
910 1063 1014 1090 salutis
1035 1063 1172 1099 gaudium
1190 1064 1276 1098 (Dan.
1296 1063 1320 1096 1,
1343 1061 1419 1098 179).

625 1188 661 1219 ll.
691 1189 735 1220 De
754 1190 864 1221 saneta
884 1190 985 1220 Maria
1004 1190 1132 1222 Salonio.

371 1276 416 1307 In
443 1275 473 1307 1.
500 1276 715 1314 vesperis.

422 1346 467 1374 Ad
487 1347 663 1384 Magnificat.

269 1429 275 1435 .
306 1403 430 1435 Mariae
454 1403 578 1436 Salome
594 1406 707 1437 merita

309 1450 371 1482 Illa
395 1449 549 1482 reducunt
572 1454 724 1493 tempora,

308 1495 384 1528 Cum
411 1495 536 1528 Christo
561 1497 628 1529 sola
651 1500 752 1537 gratia

305 1542 412 1582 Lepra
435 1543 608 1575 mundabat
632 1552 773 1585 corpora,

306 1588 487 1628 Languores
513 1592 544 1621 et
575 1590 738 1623 daemonia

307 1636 427 1668 Sanans
451 1636 592 1675 pellebat
615 1638 728 1672 omnia.

370 1746 431 1779 Ad
455 1747 718 1782 Matutinum.

439 1819 651 1849 Invitatorium.

306 1876 420 1909 Sancta
443 1876 558 1921 Maria,
585 1881 686 1911 mater

305 1923 454 1955 Iohannis
481 1926 512 1955 et
535 1925 653 1965 Iacchi,

305 1970 471 2002 Intercede
493 1980 551 2010 pro
575 1971 675 2006 nobis.

365 2083 411 2114 In
437 2084 466 2117 1.
492 2083 720 2117 Nocturno.

447 2156 639 2193 Antiphonae.

272 2239 279 2246 .
306 2214 427 2258 Venite,
454 2224 562 2247 omnes
585 2217 706 2257 populi,

305 2260 482 2294 Laudemus
506 2265 638 2295 matrem
663 2264 780 2305 lacobi,

304 2309 403 2347 Quam
426 2309 579 2342 revelavit
603 2310 766 2351 Dominus,

302 2355 349 2388 Ut
370 2356 414 2388 sit
434 2356 573 2389 solamen
596 2358 751 2392 omnibus.

922 1278 953 1310 3.
982 1278 1115 1316 Quidam
1140 1277 1266 1309 Simeon
1289 1277 1423 1319 nomine,

979 1325 1070 1356 Omni
1095 1332 1204 1355 carens
1229 1323 1357 1364 lumine,

978 1371 1097 1402 Lucem
1121 1371 1244 1410 recepit
1265 1370 1432 1411 integram,

980 1417 1078 1456 Quam
1102 1425 1197 1456 saepe
1220 1417 1447 1456 postulaverat.

945 1495 952 1503 .
978 1472 1080 1504 Huius
1104 1481 1214 1504 sacrae
1237 1472 1392 1512 reliquiae

978 1518 1015 1549 In
1039 1519 1150 1550 mundi
1173 1520 1264 1551 huius
1289 1528 1422 1559 vespere

978 1565 1130 1597 Inventae
1154 1564 1276 1606 fulgent
1299 1567 1439 1598 vernulis

980 1611 1056 1643 Cum
1081 1612 1178 1652 signis
1204 1616 1237 1644 et
1260 1613 1432 1646 mimculis.

944 1692 951 1699 .
978 1667 1039 1699 Per
1064 1667 1191 1700 Petrum
1217 1678 1289 1701 nam
1314 1670 1491 1708 apostolum

979 1715 1117 1747 Salutem
1143 1716 1185 1747 ad
1211 1716 1406 1748 credentium

975 1761 1042 1793 Has
1068 1762 1223 1795 revelavit
1243 1762 1398 1796 Dominus

973 1808 1132 1840 Portentis
1158 1812 1189 1841 et
1214 1810 1394 1844 virtutibus,

1116 1883 1322 1919 Responsoria.

950 1962 958 1970 .
982 1940 1129 1973 Salvator
1152 1940 1271 1980 mundi,
1296 1941 1461 1982 Dominus,

980 1985 1025 2017 Et
1049 1988 1135 2017 certa
1157 1995 1230 2027 spes
1256 1988 1457 2022 credentibus

976 2032 1039 2063 Per
1063 2032 1227 2065 Galilaeae
1247 2034 1345 2066 litora

977 2078 1075 2111 Sacra
1098 2078 1196 2120 figens
1219 2081 1353 2121 vestigia

978 2125 1100 2158 Mariae
1124 2129 1217 2159 vocat
1240 2126 1332 2170 filiOS,

976 2171 1058 2210 Quos
1083 2174 1195 2205 statuit
1218 2176 1397 2217 apostolos,

939 2243 945 2250 .
976 2219 1021 2250 At
1044 2219 1093 2251 illi
1116 2221 1232 2260 spretis
1257 2222 1389 2263 retibus,

977 2267 1074 2298 Patre
1098 2269 1131 2297 et
1152 2268 1247 2301 rebus
1273 2270 1416 2303 omnibus

978 2312 1157 2353 Sequuntur
1180 2315 1287 2348 statim
1311 2317 1490 2363 Dominum,

979 2359 1039 2399 Qui
1063 2363 1112 2393 est
1134 2362 1276 2396 salvator
1300 2366 1448 2400 omnium.
