1655 2534
692 114 739 121 ..-

239 189 317 231 Iugo
342 199 377 222 se
402 188 511 223 subdit
535 192 670 223 numinis

290 236 382 270 Fidei
410 247 476 269 cum
503 238 637 278 laetitia,

242 285 376 317 Vocatio
401 285 438 317 fit
462 284 606 324 agminis,

289 332 450 364 Parantur
475 335 507 364 et
530 331 674 371 navigia3

205 403 212 410 .
243 379 327 410 Dum
352 379 429 411 lat-io
455 378 491 410 fit
515 377 652 421 faminis,

244 425 409 464 Principes
435 426 492 458 alti
517 426 651 457 nominis

286 472 377 504 Haec
401 474 520 505 adeunt
545 473 686 512 collegia.

212 554 218 560 .
245 529 416 561 Pontifices
442 538 535 569 quam
559 529 688 568 plurimi

290 577 468 616 Iunguntur
492 576 541 608 his
567 576 752 618 virginibus,

241 623 401 663 Multique
425 623 617 663 magnanimi

293 670 426 702 Relictis
452 671 516 702 suis
544 669 687 702 domibus

246 717 351 749 Naves
373 719 495 750 intrant
520 717 688 749 castissimi

294 764 403 796 Beatis
429 774 497 796 cum
524 763 711 804 agminibus,

205 838 212 845 .
243 811 460 851 Undequaque
486 810 654 842 clarissimi

248 857 447 890 Concurrunt
471 861 503 889 et
527 857 699 889 doctissimi

292 905 377 936 Altis
403 905 520 944 spretis
545 903 733 935 nominibus.

210 988 216 993 .
242 962 325 993 Acto
350 960 434 993 bello
460 959 591 1000 pacifico

243 1008 287 1040 Hi
312 1008 432 1040 monitu
456 1008 597 1048 angelico

294 1055 393 1087 Simul
419 1057 642 1094 convenerunt,

247 1102 349 1134 Cursu
373 1103 485 1134 relicto
512 1101 643 1133 classico

246 1149 393 1182 Pedestri
419 1149 472 1189 qui
497 1148 611 1180 viatico

292 1196 423 1228 Romam
449 1197 658 1236 perrexerunt

209 1269 215 1276 .
246 1243 291 1275 Et
314 1243 430 1282 spiritu
454 1242 578 1275 vivifico

245 1293 274 1322 A
301 1299 447 1331 papaque
472 1290 604 1329 Cyriaco

293 1338 430 1378 Excepti
457 1338 657 1369 exstiterunt.

305 1479 349 1510 In
376 1480 409 1511 3.
434 1478 664 1511 Nocturno.

387 1563 584 1599 Antiphonae.

214 1658 221 1665 .
247 1630 454 1663 Exsultantes
479 1631 512 1661 in
537 1630 673 1663 Domino

290 1677 358 1710 Hos
382 1677 482 1710 iustos
508 1686 701 1720 veneremus,

243 1725 288 1757 Ut
312 1725 369 1765 sic,
396 1726 480 1765 quod
506 1725 598 1757 decet
621 1724 758 1763 omnino,

291 1773 409 1805 Rectos
436 1773 532 1804 corde
557 1771 734 1804 laudemus,

214 1857 221 1864 .
249 1829 352 1869 Super
377 1828 477 1861 iustos
503 1829 679 1868 respiciunt

292 1876 384 1910 Oculi
408 1876 535 1909 deitatis

243 1925 288 1957 Et
312 1934 331 1956 a
356 1923 433 1957 feris
461 1924 644 1956 custodiunt

292 1972 382 2004 Haec
407 1981 479 2005 ossa
505 1971 665 2012 puritatis.

211 2057 217 2063 .
244 2029 369 2062 Sanctis
395 2030 494 2063 caesis
521 2028 695 2069 virginibus

290 2077 369 2109 Mox
391 2077 475 2110 Huri
500 2075 731 2108 conturbantur

244 2126 289 2158 Et
313 2134 333 2157 a
358 2125 439 2158 caeli
465 2124 647 2156 concivibus

294 2172 356 2205 Dei
381 2181 459 2206 voce
484 2171 644 2212 fugantur.

383 2257 588 2294 Responsoria.

207 2342 215 2350 .
242 2316 369 2348 Summo
393 2316 557 2356 linquente
581 2314 729 2354 praesule

289 2361 428 2396 Infulam
454 2363 602 2404 papalem

785 94 849 130 251
902 114 949 121 -—

923 191 1037 224 Omnes
1062 190 1132 231 ipso
1158 192 1286 222 consule

965 238 1108 270 Palmam
1134 238 1175 269 ad
1200 238 1316 269 realem

918 286 980 318 Pro
1006 283 1068 316 fide
1092 285 1228 317 tendunt
1251 284 1360 315 sedule

967 333 1094 364 Summe
1120 332 1304 371 virtualem3

852 379 886 411 V.
924 378 977 411 Sic
1003 378 1146 410 obtinent
1169 378 1354 410 iuvenculae

921 426 994 459 Una
1017 434 1086 457 cum
1110 433 1225 464 sponso
1250 424 1386 457 Ursulae

968 473 1125 505 Coronam
1149 472 1329 503 laurealem.

862 530 893 563 2.
919 529 1003 561 Huri
1026 529 1128 569 pravi,
1153 527 1298 560 infideles

920 576 1095 608 Audientes
1121 576 1305 616 versipelles

966 622 1059 654 Hunc
1083 625 1204 655 coetum
1230 630 1380 660 remeare,

920 670 957 701 1n
983 670 1040 700 hos
1064 672 1159 701 ruunt
1182 672 1217 701 ut
1242 669 1387 706 rebelles,

922 716 981 756 Qui
1007 715 1159 749 festinant
1182 720 1218 747 ut
1243 716 1385 748 crudeles

970 764 1114 795 Insontes
1140 764 1308 803 sagittare3

854 810 890 841 V.
922 809 974 841 Sic
998 819 1056 848 pro
1083 810 1206 842 Christo
1232 810 1263 841 hi
1289 809 1400 842 fideles

923 856 993 888 Non
1019 858 1200 899 reclamant,
1227 857 1285 888 sed
1309 856 1453 887 imbelles

969 902 1009 934 Se
1038 907 1150 943 optant
1174 904 1238 935 illis
1265 904 1352 936 dare.

1011 987 1026 1018 Ι
1035 996 1054 1017 n
1081 988 1108 1019 L
1118 997 1136 1018 a
1143 997 1165 1018 u
1177 987 1217 1019 di
1226 987 1246 1018 b
1256 996 1278 1018 u
1286 996 1312 1020 S.

1067 1042 1261 1077 Antiphonae.

865 1091 896 1122 1.
922 1089 1021 1128 Quam
1045 1090 1212 1128 pulchrum
1230 1093 1278 1121 est
1296 1089 1472 1129 collegium,

922 1137 1011 1176 Quod
1037 1137 1179 1177 sequitur
1204 1137 1380 1176 vestigium,

972 1183 1038 1222 Quo
1064 1184 1216 1216 Dominus
1242 1183 1396 1223 regnavit,

923 1232 993 1263 Hoc
1017 1230 1153 1263 Ursulae
1177 1231 1380 1270 praeconium

923 1278 1072 1310 Testatur
1097 1281 1128 1309 et
1152 1278 1347 1317 martyrium,

967 1324 1043 1356 C-um
1069 1326 1133 1357 suis
1159 1326 1243 1365 quod
1268 1325 1425 1365 probavit.

866 1383 898 1414 2.
925 1380 1103 1420 Sequuntur
1126 1381 1210 1412 inter
1233 1381 1302 1412 lilia

924 1428 1082 1460 Undecim
1104 1428 1183 1460 haec
1208 1428 1297 1459 milia

971 1476 1140 1507 Pascentes
1165 1483 1200 1507 se
1223 1476 1257 1506 in
1279 1475 1355 1514 illis,

923 1522 1104 1554 Devincunt
1128 1523 1212 1554 trina
1233 1522 1357 1562 proelia

922 1570 966 1601 Et
989 1572 1143 1609 respuunt
1167 1570 1246 1601 haec
1273 1569 1355 1609 vilia,

971 1617 1117 1649 Psallunt
1143 1617 1209 1649 Deo
1233 1616 1351 1648 iubilis.

863 1676 894 1708 3.
920 1674 1004 1706 Dum
1029 1673 1140 1706 sitiunt
1164 1674 1206 1706 ad
1230 1674 1372 1716 gloriam,

923 1721 1094 1753 Inveniunt
1120 1721 1291 1760 Coloniam,

970 1768 1021 1800 Ab
1047 1768 1145 1801 Huris
1172 1777 1252 1809 quae
1276 1769 1423 1809 vallatur,

923 1816 1144 1848 Fundentibus
1170 1816 1335 1848 saevitiam

924 1864 963 1896 In
988 1863 1108 1897 Christi
1132 1873 1205 1896 mox
1230 1862 1382 1895 familiam

972 1911 1061 1943 Haec
1087 1914 1155 1943 tota
1178 1910 1357 1951 sagittatur.

866 1971 897 2002 4.
922 1968 1001 2000 Tres
1038 1970 1112 2000 sunt
1136 1970 1237 1999 status
1262 1967 1315 1998 hic
1339 1968 1477 2007 probati⁷

925 2017 1002 2056 Igne
1026 2019 1131 2047 tamen
1156 2024 1219 2046 non
1245 2015 1375 2046 cremati

972 2062 1140 2094 Manentes
1165 2063 1198 2093 in
1225 2062 1356 2102 camino,

926 2110 989 2142 Hic
1015 2110 1151 2151 virgines
1178 2111 1210 2140 et
1234 2109 1370 2149 praelati

926 2158 977 2190 Ac
1000 2165 1148 2198 proceres
1173 2157 1312 2196 copulati

974 2204 1181 2236 Exsultantes
1205 2203 1353 2236 Domino.

870 2265 901 2298 5.
928 2260 1073 2296 Undenis
1098 2261 1148 2293 his
1173 2261 1206 2292 in
1231 2260 1358 2292 milibus

927 2311 965 2343 In
989 2308 1125 2341 modulis
1151 2308 1354 2341 concentibus

972 2357 1087 2390 Omnes
1112 2356 1215 2389 Deum
1238 2356 1379 2397 laudate,
