1655 2534
667 74 923 109 —193*

268 164 332 196 Ad
356 165 627 201 Matutinum.

342 248 559 278 Invitatorium.

205 303 339 336 Triuum
365 308 398 337 et
421 315 517 338 unum
541 307 711 340 Dominum

256 351 338 383 Toto
363 352 527 386 laudemus
552 355 669 394 studio,

208 397 275 436 Quo
301 398 364 429 vim
390 400 507 439 pressit
532 403 738 434 certaminum

253 445 444 478 Sozomenus
469 447 501 479 in
527 448 642 481 stadio.

262 587 312 619 In
340 586 371 621 1.
397 587 625 620 Nocturno.

347 669 542 706 Antiphonae.

143 726 175 758 1.
198 725 357 757 Mundum
383 728 509 759 calcans
535 729 671 761 viriliter

250 772 440 805 Sozomenus
471 782 539 806 cum
565 776 660 807 sociis

200 819 388 851 Adhaerent
413 819 539 852 Christo
566 820 694 854 fortiter

250 866 356 898 Sacris
381 867 495 897 intenti
520 868 644 901 studiis.

142 922 174 954 2.
197 920 268 953 Rex
294 924 443 954 aeternae
462 922 584 962 gloriae

248 969 332 1008 Quos
357 969 442 1000 intus
468 969 587 1011 allexit,

196 1015 377 1056 Pugnantes
402 1017 434 1047 in
457 1018 525 1048 acie

244 1063 298 1094 Ad
322 1063 388 1094 alta
412 1064 570 1102 provexit.

139 1119 171 1152 3.
197 1118 242 1150 Et,
265 1119 299 1150 hi
325 1119 399 1150 dum
426 1120 606 1151 certaminis

243 1166 368 1197 Nocens
398 1175 476 1197 onus
501 1170 640 1208 portant,

195 1212 314 1244 Plausu
339 1213 422 1244 sacri
449 1215 596 1245 carminis

242 1259 376 1291 Animos
402 1258 593 1294 confortant.

330 1351 508 1388 Responsori
513 1361 538 1380 a.

138 1419 169 1451 1.
197 1417 394 1451 Gaudiosum

240 1466 368 1499 Christo
390 1467 605 1506 spectaculum

192 1512 237 1544 Et
262 1514 453 1552 stupendum

238 1560 357 1591 mundo
383 1560 568 1592 miraculum

192 1607 362 1639 Praestant
386 1607 500 1646 sancti,

245 1655 319 1687 dum
349 1655 452 1686 crucis
478 1655 604 1687 titulum

193 1701 417 1734 Praeferentes

240 1749 364 1780 calcant
388 1748 581 1788 periculum3

115 1796 155 1830 V.
182 1796 220 1828 In
249 1804 358 1827 cursus
385 1795 490 1827 stadio

238 1843 411 1875 devincunt,
442 1843 602 1875 saecuium

186 1890 237 1922 Ac
261 1890 314 1930 pio
340 1890 446 1922 studio

234 1940 421 1970 convertunt
446 1938 607 1978 populum.

126 1996 160 2028 2.
185 1994 278 2027 Nova
302 1994 386 2026 bella

237 2042 335 2082 elegit
357 2041 512 2074 Dominus

190 2088 334 2129 Hostem,
360 2089 524 2124 mundum,

233 2145 359 2169 carnem
385 2136 541 2175 subicere,

186 2182 308 2216 Horum
332 2184 437 2217 labem

232 2229 355 2271 fugavit
380 2231 501 2263 eminus

181 2276 370 2310 Sozomenus

230 2325 337 2357 divino
362 2334 510 2366 munere3

164 2383 242 2407 Drev
249 2390 289 2410 es,
312 2383 434 2407 Historiae
449 2383 601 2412 rhythmicae.
633 2383 685 2407 VII.

817 170 856 202 V.
883 171 996 202 Artam
1020 171 1118 202 vitam

939 218 1012 249 dum
1037 218 1146 249 studet
1165 227 1268 259 agere,

887 264 981 297 Dona
1006 265 1082 296 caeli

936 314 1075 343 meretur
1100 320 1225 350 capere.

818 370 854 402 3.
878 368 1070 407 ‘Martyrium

935 415 1007 446 dum
1031 414 1231 454 Epiphanius

891 462 990 505 Subit,
1022 460 1114 493 brevi

933 508 1086 549 pugnavit
1108 509 1238 547 proelio,

886 554 1078 587 Sozomenus

936 602 1044 633 vivens
1072 601 1188 633 diutius

886 648 1037 680 Graviori

939 695 1074 726 certavit
1097 695 1221 737 taedi03

813 741 852 773 V.
883 741 920 773 In
948 742 1072 773 deserto

933 786 1017 819 fame
1040 797 1078 819 ac
1102 787 1220 829 frigore

883 835 1003 866 Aestus
1026 835 1079 865 isti

932 881 1057 920 prolixo
1082 884 1234 921 tempore.

941 993 987 1024 In
1014 993 1045 1026 2.
1072 992 1098 1023 N
1113 996 1301 1027 octurn0.

1022 1066 1218 1102 Antiphonae.

824 1124 855 1156 1.
880 1123 958 1164 Egit
982 1123 1078 1155 vitam
1103 1124 1308 1156 monasticam

928 1170 1117 1202 Sozomenus
1148 1180 1217 1202 cum
1242 1173 1336 1204 sociis

879 1218 1116 1257 Puritatemque
1141 1219 1289 1250 caelicam

927 1265 1103 1303 Aequirens
1129 1265 1295 1298 exercitus,

822 1322 854 1353 2.
878 1321 965 1354 Rore
990 1321 1069 1352 caeli

927 1376 998 1398 caro
1028 1367 1200 1408 contabuit,

878 1417 958 1447 Arto
987 1415 1058 1447 cibo

927 1471 1041 1502 corpus
1064 1459 1221 1501 refriguit,

878 1509 931 1542 Sic
957 1509 1071 1548 cupido

904 1576 907 1579 -
925 1564 1056 1597 prorsus
1083 1556 1216 1587 exaruit.

817 1615 849 1647 3.
877 1614 955 1646 Orat
982 1612 1140 1645 Christum
1167 1611 1362 1651 frequentius

922 1660 995 1692 Non
1019 1662 1124 1691 tentus
1150 1660 1258 1691 stratis
1282 1660 1403 1701 requie7

875 1707 1054 1740 Meditatur
1079 1706 1222 1739 devotius

925 1754 1027 1787 Carne
1053 1752 1179 1786 defecta
1202 1753 1314 1786 macie.

1011 1839 1218 1874 Responsoria.

815 1899 846 1932 1.
874 1897 1018 1931 Solitudo

923 1945 1040 1978 deserti
1066 1945 1213 1984 squalida

871 1993 936 2026 Dat
960 1991 1078 2031 pabula

916 2039 1080 2071 monachis
1105 2038 1206 2077 arida,

873 2087 937 2120 Sed
962 2086 1093 2125 spiritus

919 2137 967 2166 est
992 2141 1064 2164 esca
1081 2132 1195 2171 sapida

871 2181 1003 2221 Luxque
1027 2179 1125 2211 menti

914 2227 1021 2261 infusa
1046 2226 1226 2267 splendida.

793 2278 834 2311 V.
866 2277 890 2311 Ο
921 2276 1037 2308 deserti

913 2324 999 2364 regio
1024 2321 1139 2354 florida
