1655 2534
677 118 935 154 —253—

230 211 365 252 Caritas,
394 212 520 244 devotio

273 258 448 299 Virginalis
473 267 558 291 cura.

169 320 202 349 ⁸.
228 315 315 355 Agni
338 315 455 348 rubent
478 316 630 356 sanguine

274 362 406 395 Puellae
428 363 629 405 candidatae,

229 410 306 442 Pari
331 411 456 442 certant
479 410 604 450 agmine

279 456 375 488 Hosti
399 457 588 490 trucidatae.

196 541 203 548 .
229 514 329 553 1esus,
358 514 480 554 doctor,
506 523 563 546 rex
589 517 621 547 et
642 518 747 547 rector

277 560 367 593 Sacri
392 561 484 592 huius
509 562 652 602 agminis,

229 608 279 640 Sit
302 608 352 640 his
380 608 492 640 ductor
517 612 549 639 et
572 612 734 647 protector

279 656 318 688 In
344 664 456 695 campo
482 655 672 689 certaminis.

368 740 574 775 Responsoria.

193 829 201 838 ,
228 805 350 838 Chorus
376 804 462 837 floris
488 807 521 836 et
544 805 651 838 odoris

275 851 394 885 Offerat
421 852 542 891 exenia,

230 899 315 931 Dum
340 898 472 938 pudoris
499 901 531 929 et
551 900 667 930 amoris

275 946 436 978 Accendit
460 945 602 983 conubia,

228 993 311 1025 Vota
336 993 453 1033 cordis,
485 1001 578 1024 voces
604 993 667 1024 oris

275 1040 435 1072 Praebeat
457 1041 611 1081 ecclesia3

227 1088 442 1128 Praeparetur
464 1086 591 1127 iubilus,

228 1134 465 1173 Contempletur
486 1134 607 1165 animus

274 1181 371 1214 Tanti
395 1180 470 1212 festi
494 1180 627 1224 gaudia3

188 1254 197 1262 .
231 1228 377 1269 Virgines
400 1228 469 1259 Deo
494 1229 638 1259 sacratae

273 1276 407 1307 Electae
432 1284 501 1306 cum
526 1274 665 1316 milibus,

231 1322 370 1355 Currant
394 1331 510 1362 sponso
535 1324 746 1362 praeparatae

275 1370 429 1402 Accensis
454 1369 633 1402 luminibus.

196 1451 202 1458 .
230 1426 375 1459 Christus
400 1426 498 1465 Iesus,

276 1483 375 1513 amor,
400 1473 453 1504 lex
477 1472 637 1512 puritatis,

230 1521 314 1552 Dum
341 1520 507 1552 descendit

273 1568 390 1600 nostris
414 1568 448 1599 in
473 1565 626 1607 terminis,

225 1615 330 1648 Unam
355 1615 489 1655 quaerit,

277 1665 309 1693 et
333 1661 506 1694 offeruntur
531 1661 608 1693 satis

226 1709 425 1750 Margaritae

273 1757 391 1788 nostris
417 1765 456 1788 ex
480 1755 649 1795 nundinis;

228 1804 306 1836 Eius
333 1802 435 1844 fulget

277 1860 412 1883 coronae
437 1851 566 1882 claritas

227 1899 350 1931 Harum
376 1900 488 1938 saepta

274 1955 391 1978 corona
412 1945 550 1978 luminis.

184 2021 191 2027 .
223 1995 307 2026 Istas
332 1994 412 2034 ignit
437 1993 525 2025 stilla
549 1993 641 2034 roris,

221 2041 266 2074 Et
290 2043 439 2073 venustat
461 2041 532 2073 laus
557 2041 705 2073 candoris

269 2089 332 2121 Dei
358 2089 454 2121 dante
478 2088 590 2128 gratia.

188 2171 194 2177 .
221 2147 314 2186 Agno
339 2146 474 2178 haerent
497 2143 668 2184 indefesse,

223 2193 373 2225 Gaudent
397 2201 432 2225 se
454 2193 557 2233 legem
580 2192 750 2233 implesse;

220 2240 292 2272 Hae
304 2249 364 2280 per
375 2249 511 2280 poenam
522 2239 626 2272 carnis
635 2249 775 2280 pressae,

224 2287 303 2320 Cum
328 2288 375 2319 sic
398 2288 480 2320 mori
505 2287 548 2320 sit
571 2296 711 2329 necesse,

226 2334 357 2367 Habent
380 2335 571 2376 promissum
596 2334 751 2376 bravium,

221 2382 306 2417 Dum
330 2385 441 2415 tenent
464 2382 526 2414 Dei
550 2381 672 2426 filium3

836 214 874 247 V.

836 2288 873 2322 V.

904 214 1033 253 Vident,
1059 215 1198 254 stupent,
1224 213 1430 253 admirantur,

904 262 1031 299 Amant,
1057 261 1181 300 ardent,
1207 261 1363 292 satiantur

954 307 1022 339 Nec
1047 310 1156 340 carent
1180 308 1291 341 esurie.

966 440 1014 471 In
1040 440 1070 472 2.
1096 440 1154 472 No
1167 441 1326 470 cturno.

1049 522 1245 559 Antiphonae.

874 615 882 623 .
909 590 1036 622 Summe
1059 591 1172 622 summi

955 640 989 669 tu
1012 638 1114 677 patris
1137 638 1237 678 unice,

908 684 1071 724 Collegisti

954 739 1044 763 sacro
1071 740 1140 763 cum
1165 731 1296 773 agmine,

910 778 1000 816 Quod
1024 786 1168 810 sacraras

956 825 989 855 in
1013 827 1115 856 matre
1139 825 1270 864 virgine.

908 890 946 921 In
971 899 1077 921 amore

953 938 1027 968 tuae
1052 936 1228 968 dulcedinis

908 983 957 1014 De
981 985 1024 1023 te,
1049 984 1150 1023 stirpe

958 1029 1095 1062 mundae
1118 1029 1313 1070 propaginis,

908 1077 985 1109 Istis
1010 1075 1146 1109 fructum

957 1124 1049 1156 divae
1073 1123 1274 1166 pinguedinis

999 1171 1190 1212 Propinasti.

873 1262 880 1269 .
908 1237 1028 1274 Gaude,
1055 1240 1165 1269 sancta

955 1286 1057 1315 mater
1080 1284 1223 1325 ecclesia,

907 1331 1108 1363 Generantur

952 1378 1013 1409 tibi
1038 1378 1213 1418 sollemnia,

910 1425 1087 1465 Virginales

956 1472 1067 1504 choros
1093 1481 1133 1504 ex
1158 1472 1261 1512 gratia

910 1520 1122 1559 Praeparatos

954 1567 1057 1597 cernis
1082 1567 1115 1598 in
1140 1567 1250 1606 gloria.

1042 1650 1249 1687 Responsoria.

873 1745 880 1752 .
907 1718 1101 1758 Angelorum

954 1766 1040 1798 acies
1065 1766 1222 1805 ordinata,

904 1813 1043 1845 Laetans
1068 1814 1118 1845 exi

954 1861 1079 1893 obviam
1104 1860 1248 1902 puritati,

906 1908 979 1940 Tibi
1004 1912 1148 1948 praestat

953 1964 1085 1989 munera
1110 1955 1281 1988 candidata

906 2003 982 2035 Vita
1002 2008 1112 2036 nostra

952 2050 1080 2083 subdita
1103 2049 1247 2091 vanitati,

905 2098 1019 2130 Sacros
1044 2096 1149 2138 flores,

952 2144 1022 2176 lilia
1046 2145 1106 2177 tibi
1130 2145 1230 2185 grata,

905 2191 1024 2231 Quibus
1049 2194 1166 2224 sertum

952 2240 1059 2279 plecte
1084 2239 1254 2272 divinitati.

908 2286 1027 2319 Libens
1051 2295 1125 2328 ergo
1150 2287 1286 2326 suscipe,

905 2334 995 2367 Haec
1017 2337 1167 2367 aeternae
1192 2334 1307 2366 exhibe

953 2382 1048 2414 Dona
1073 2382 1209 2416 veritati.
