1655 2534
660 138 919 174 —305—

514 230 549 258 A.
573 231 643 266 Ave,
664 235 781 269 martyr,
803 235 860 262 dux
881 235 1039 270 Danorum,

573 270 698 304 Kanute,
721 273 770 305 qui
792 273 972 306 proditorum

609 309 706 336 Armis
726 311 822 337 saevis
842 313 943 338 nectus
965 319 1003 343 es,

575 346 636 373 Nos
658 349 790 382 expertes
809 350 993 383 peccatorum

573 384 653 411 Hinc
673 385 710 411 ad
730 385 812 413 sedes
832 386 879 413 fac
898 385 1030 421 polorum

613 422 767 457 Scandere,
788 432 845 459 quo
865 426 965 450 vectus
987 432 1024 451 es.

212 520 275 551 136.
296 524 454 557 Kanuti,
479 525 557 559 regis
577 525 690 553 Daciae
710 528 739 553 et
758 528 906 560 martyris,
935 523 978 553 10.
998 526 1081 560 Iulii,
1112 525 1145 554 10
1164 524 1225 562 [fol.
1247 525 1328 563 87a].
1373 527 1433 554 Ein

135 557 165 590 R,
187 561 312 588 welches
332 562 364 588 in
384 562 449 589 dem
472 562 607 589 Officium
625 564 710 591 Anal.
731 563 839 596 XXVI,
859 564 909 591 Nr.
931 561 967 591 68
986 563 1072 591 fehlt:

513 639 546 665 R.
572 638 596 665 O
615 640 686 667 felix
703 640 828 672 Kanute,

570 676 633 704 1am
654 677 689 704 de
708 679 759 704 tua
779 677 873 713 gloria
893 684 1001 709 secure,

570 714 687 742 Nostris
706 715 834 742 miseriis
854 722 953 741 curam
971 715 1114 749 impende,

570 752 626 779 Per
646 752 792 779 Christum
813 760 920 779 excusa

568 789 658 824 Mala,
679 798 754 826 quae
775 790 905 822 fecimus,

512 827 547 853 V.
570 826 611 853 Et
631 828 730 855 obtine
749 828 835 860 bona,

572 864 654 897 Quae
673 865 828 901 poscimus.

205 930 242 958 2Ο
262 929 322 967 [fol.
347 929 399 958 175
408 928 447 967 a].
477 930 495 955 Α
517 930 588 963 Ave,
607 933 718 965 martyr
737 931 893 966 praecipue
914 933 967 957 etc.
987 930 1071 957 Anal.
1091 931 1198 965 XXVI,
1220 931 1249 959 S.
1272 929 1333 958 194.

209 1034 271 1064 137.
292 1035 442 1068 Karoli,
462 1036 648 1070 imperatoris
675 1044 710 1062 ac
729 1035 916 1066 confessoris,
938 1032 983 1062 28.
1003 1034 1066 1061 Ian.
1087 1032 1148 1070 [fol.
1169 1033 1250 1071 b7a].
1286 1036 1364 1062 Zwei
1389 1034 1433 1061 ΑΛ

131 1081 184 1100 aus
205 1074 271 1101 dem
290 1073 425 1100 Officium
444 1073 528 1100 Anal.
550 1071 595 1105 25,
615 1073 665 1100 Nr.
689 1071 733 1099 66.

212 1175 275 1205 138.
295 1176 535 1209 Katharinae,
555 1177 680 1212 virginis
701 1179 730 1204 et
748 1176 893 1210 martyris,
914 1173 958 1203 25.
975 1176 1050 1202 Nov.
1070 1173 1131 1212 [fol.
1154 1173 1253 1212 106a].
1288 1177 1365 1203 Zwei
1386 1174 1433 1202 ΑΑ

133 1223 186 1242 aus
208 1216 273 1242 dem
294 1213 426 1242 Officium
447 1214 532 1241 Anal.
553 1214 660 1248 XXVI,
680 1215 731 1242 Νι.
754 1212 799 1241 69.

213 1316 274 1346 139.
296 1319 533 1353 Κεῃῒὶςειᾛὶ,
567 1318 696 1353 episcopi
726 1320 755 1345 et
783 1317 971 1349 confessoris,
1005 1317 1080 1345 ohne
1109 1319 1218 1345 Datum
1247 1315 1308 1354 [fol.
1335 1316 1434 1354 127a].

132 1356 280 1394 Folgende
300 1357 373 1383 zwei
393 1354 449 1389 ΑΑ,
471 1355 519 1382 die
539 1355 603 1382 dem
623 1356 756 1383 Officium
775 1356 861 1382 Anal.
881 1355 988 1388 XXVI,
1009 1355 1060 1382 Nr.
1080 1354 1116 1383 76
1136 1356 1247 1383 fehlcn:

133 1431 168 1461 A.
191 1433 258 1465 Eia,
279 1432 381 1459 laudes
401 1431 595 1465 decantemus,
853 1431 930 1458 Dum
950 1432 982 1456 in
1002 1432 1086 1466 aquis
1106 1431 1274 1458 decantaret

230 1470 392 1498 Iubilemus
412 1470 548 1502 Domino,
910 1468 1046 1501 Frigidus
1065 1469 1236 1503 psalterium

191 1509 404 1543 Kentigernum
423 1509 596 1534 venerantes
870 1506 914 1533 Ac
933 1505 1126 1542 quatriduano
1147 1506 1213 1533 cibo

226 1546 361 1574 Laudum
382 1554 447 1572 cum
467 1545 632 1580 praeconio.
908 1544 1034 1571 Foveret
1053 1544 1263 1579 corpusculum.

516 1612 523 1617 ¹
869 1582 969 1617 Ipsum
990 1590 1088 1609 omnes
1109 1582 1320 1617 proclamemus

131 1613 165 1640 A.
191 1613 417 1641 Sacrosanctam
435 1611 632 1646 Kent1gernus
911 1619 983 1647 Cum
1003 1627 1120 1654 precum
1140 1621 1290 1653 ingmntia,

226 1651 356 1694 Sei-vans
374 1657 583 1684 Pffl'Slmomam
870 1656 932 1691 (Ut)
951 1657 987 1684 de
1006 1659 1108 1685 mortis
1128 1660 1238 1685 terrore
1258 1658 1346 1685 ducat

188 1689 285 1721 Fame,
308 1690 359 1715 sm
380 1689 409 1715 et
428 1687 528 1723 algore
905 1695 967 1723 Nos
988 1695 1024 1722 ad
1040 1696 1115 1723 caeli
1133 1695 1250 1731 gaudia.

226 1727 300 1754 Eius
321 1726 404 1761 pavit
423 1726 560 1759 animam,

211 1829 274 1859 140.
294 1830 557 1867 Kunegundis⁷
578 1830 703 1867 virginis
724 1838 759 1857 ac
776 1830 979 1866 imperatricis,
1001 1826 1028 1856 3.
1041 1829 1143 1856 Martii
1164 1826 1225 1865 [fol.
1240 1826 1322 1865 9ob].
1358 1829 1436 1855 Zwei

132 1867 179 1896 ΑΑ
200 1869 403 1897 unbekannter
422 1868 585 1896 Hei-kunst:

510 1935 545 1962 A.
570 1934 722 1963 Castitatis
743 1935 849 1962 florens
869 1942 945 1967 rosa,

567 1973 768 2010 Kunegundis,
787 1975 889 2000 nostra
907 1980 996 2007 prosa

606 2011 730 2039 Devotis
750 2012 809 2038 tuis
830 2011 965 2046 precibus

604 2050 640 2078 In
661 2049 771 2077 Christi
791 2051 875 2076 sonet
895 2048 1023 2076 auribus.

510 2116 543 2144 A.
568 2116 592 2144 O
615 2117 758 2144 claritatis
779 2115 928 2151 speculum

565 2155 672 2182 Totum
695 2155 845 2182 illustrans
866 2153 1023 2186 saeculum,

603 2192 672 2220 Tibi
692 2192 792 2220 radius
813 2191 918 2219 solaris

602 2231 774 2258 Procedenti
794 2229 832 2256 ad
852 2229 955 2256 altaris

568 2268 751 2296 Sacrificium
770 2267 919 2295 ministrat

603 2307 638 2335 In
662 2315 765 2334 manus
786 2306 971 2341 tegumento3

602 2345 713 2378 Dulcis,
734 2347 867 2372 nostrum
888 2345 1040 2370 memento.

206 2413 294 2440 Dann
314 2411 361 2438 die
382 2412 486 2440 beiden
507 2410 555 2438 ΑΑ
576 2411 614 2439 ad
632 2413 732 2448 Mag-n.
753 2420 806 2439 aus
827 2410 892 2438 dem
910 2409 1042 2437 Officium
1063 2410 1148 2438 Anal.
1168 2409 1276 2442 XXVI,
1297 2409 1348 2437 Nr.
1369 2407 1415 2435 77.

183 2464 307 2490 Dreves,
323 2462 445 2486 Historiae
458 2461 612 2490 rhythmicae.
642 2461 694 2485 vn.
1227 2454 1263 2485 20
