<?xml version="1.0" encoding="UTF-8"?>
<!DOCTYPE html PUBLIC "-//W3C//DTD XHTML 1.0 Transitional//EN"
    "http://www.w3.org/TR/xhtml1/DTD/xhtml1-transitional.dtd">
<html xmlns="http://www.w3.org/1999/xhtml" xml:lang="en" lang="en">
 <head>
  <title>
</title>
<meta http-equiv="Content-Type" content="text/html;charset=utf-8" />
  <meta name='ocr-system' content='tesseract 3.04.00' />
  <meta name='ocr-capabilities' content='ocr_page ocr_carea ocr_par ocr_line ocrx_word'/>
</head>
<body>
  <div class='ocr_page' id='page_1' title='image "./analectahymnica28drevuoft_00148.png"; bbox 0 0 1655 2534; ppageno 0'>
   <div class='ocr_carea' id='block_1_1' title="bbox 598 62 856 100">
    <p class='ocr_par' dir='ltr' id='par_1_1' title="bbox 598 62 856 100">
     <span class='ocr_line' id='line_1_1' title="bbox 598 62 856 100; baseline -0.012 0"><span class='ocrx_word' id='word_1_1' title='bbox 598 62 856 100; x_wconf 74' lang='lat'>—145-</span> 
     </span>
    </p>
   </div>
   <div class='ocr_carea' id='block_1_2' title="bbox 89 157 664 339">
    <p class='ocr_par' dir='ltr' id='par_1_2' title="bbox 89 157 664 339">
     <span class='ocr_line' id='line_1_2' title="bbox 89 157 511 192; baseline 0 -1"><span class='ocrx_word' id='word_1_2' title='bbox 89 158 120 191; x_wconf 88' lang='lat'>5.</span> <span class='ocrx_word' id='word_1_3' title='bbox 146 157 274 191; x_wconf 86' lang='lat' dir='ltr'>Amoris</span> <span class='ocrx_word' id='word_1_4' title='bbox 298 167 381 192; x_wconf 78' lang='lat' dir='ltr'>nexu</span> <span class='ocrx_word' id='word_1_5' title='bbox 404 159 511 191; x_wconf 85' lang='lat' dir='ltr'>valido</span> 
     </span>
     <span class='ocr_line' id='line_1_3' title="bbox 148 205 664 250; baseline 0.006 -14"><span class='ocrx_word' id='word_1_6' title='bbox 148 205 252 237; x_wconf 89' lang='lat' dir='ltr'>Iuncti</span> <span class='ocrx_word' id='word_1_7' title='bbox 278 208 351 238; x_wconf 87' lang='lat' dir='ltr'>sunt</span> <span class='ocrx_word' id='word_1_8' title='bbox 375 205 502 238; x_wconf 78' lang='lat' dir='ltr'>Christo</span> <span class='ocrx_word' id='word_1_9' title='bbox 528 205 664 250; x_wconf 79' lang='lat' dir='ltr'>fortiter,</span> 
     </span>
     <span class='ocr_line' id='line_1_4' title="bbox 148 252 607 292; baseline 0.007 -9"><span class='ocrx_word' id='word_1_10' title='bbox 148 252 187 284; x_wconf 90' lang='lat' dir='ltr'>In</span> <span class='ocrx_word' id='word_1_11' title='bbox 213 261 343 292; x_wconf 82' lang='lat' dir='ltr'>quorum</span> <span class='ocrx_word' id='word_1_12' title='bbox 371 254 477 286; x_wconf 82' lang='lat' dir='ltr'>cordis</span> <span class='ocrx_word' id='word_1_13' title='bbox 501 254 607 286; x_wconf 87' lang='lat' dir='ltr'>medio</span> 
     </span>
     <span class='ocr_line' id='line_1_5' title="bbox 147 298 581 339; baseline 0.005 -8"><span class='ocrx_word' id='word_1_14' title='bbox 147 298 293 331; x_wconf 80' lang='lat' dir='ltr'>Dilectus</span> <span class='ocrx_word' id='word_1_15' title='bbox 318 302 367 331; x_wconf 89' lang='lat' dir='ltr'>est</span> <span class='ocrx_word' id='word_1_16' title='bbox 388 301 581 339; x_wconf 80' lang='lat' dir='ltr'>perenniter.</span> 
     </span>
    </p>
   </div>
   <div class='ocr_carea' id='block_1_3' title="bbox 267 372 515 401">
    <p class='ocr_par' dir='ltr' id='par_1_3' title="bbox 267 372 515 401">
     <span class='ocr_line' id='line_1_6' title="bbox 267 372 515 401; baseline 0.004 -1"><span class='ocrx_word' id='word_1_17' title='bbox 267 372 313 400; x_wconf 86' lang='lat' dir='ltr'>Ad</span> <span class='ocrx_word' id='word_1_18' title='bbox 332 372 515 401; x_wconf 74' lang='lat' dir='ltr'>Benedictus.</span> 
     </span>
    </p>
   </div>
   <div class='ocr_carea' id='block_1_4' title="bbox 75 430 571 800">
    <p class='ocr_par' dir='ltr' id='par_1_4' title="bbox 75 430 568 612">
     <span class='ocr_line' id='line_1_7' title="bbox 75 430 543 470; baseline -0.002 -7"><span class='ocrx_word' id='word_1_19' title='bbox 75 430 117 463; x_wconf 92' lang='lat' dir='ltr'>A.</span> <span class='ocrx_word' id='word_1_20' title='bbox 147 430 172 463; x_wconf 95' lang='lat' dir='ltr'>O</span> <span class='ocrx_word' id='word_1_21' title='bbox 198 438 253 462; x_wconf 94' lang='lat' dir='ltr'>vos</span> <span class='ocrx_word' id='word_1_22' title='bbox 275 438 423 470; x_wconf 85' lang='lat' dir='ltr'>proceres</span> <span class='ocrx_word' id='word_1_23' title='bbox 448 430 543 470; x_wconf 87' lang='lat' dir='ltr'>beati,</span> 
     </span>
     <span class='ocr_line' id='line_1_8' title="bbox 148 477 509 520; baseline -0.003 -11"><span class='ocrx_word' id='word_1_24' title='bbox 148 477 173 509; x_wconf 95' lang='lat' dir='ltr'>O</span> <span class='ocrx_word' id='word_1_25' title='bbox 197 478 318 509; x_wconf 85' lang='lat' dir='ltr'>cruenti</span> <span class='ocrx_word' id='word_1_26' title='bbox 342 479 509 520; x_wconf 73' lang='lat' dir='ltr'>martyres,</span> 
     </span>
     <span class='ocr_line' id='line_1_9' title="bbox 151 523 568 564; baseline -0.002 -8"><span class='ocrx_word' id='word_1_27' title='bbox 151 523 269 556; x_wconf 84' lang='lat' dir='ltr'>Christi</span> <span class='ocrx_word' id='word_1_28' title='bbox 294 524 417 564; x_wconf 81' lang='lat' dir='ltr'>pugiles</span> <span class='ocrx_word' id='word_1_29' title='bbox 442 525 568 564; x_wconf 85' lang='lat' dir='ltr'>probati</span> 
     </span>
     <span class='ocr_line' id='line_1_10' title="bbox 150 570 501 612; baseline 0 -10"><span class='ocrx_word' id='word_1_30' title='bbox 150 570 195 602; x_wconf 85' lang='lat' dir='ltr'>Et</span> <span class='ocrx_word' id='word_1_31' title='bbox 215 570 353 602; x_wconf 86' lang='lat' dir='ltr'>laureati</span> <span class='ocrx_word' id='word_1_32' title='bbox 375 570 501 612; x_wconf 85' lang='lat' dir='ltr'>milites,</span> 
     </span>
    </p>

    <p class='ocr_par' dir='ltr' id='par_1_5' title="bbox 149 616 496 650">
     <span class='ocr_line' id='line_1_11' title="bbox 149 616 496 650; baseline -0.003 0"><span class='ocrx_word' id='word_1_33' title='bbox 149 618 174 650; x_wconf 92' lang='lat' dir='ltr'>O</span> <span class='ocrx_word' id='word_1_34' title='bbox 199 618 353 650; x_wconf 79' lang='lat' dir='ltr'>zelatores</span> <span class='ocrx_word' id='word_1_35' title='bbox 376 616 496 650; x_wconf 82' lang='lat' dir='ltr'>fervidi</span> 
     </span>
    </p>

    <p class='ocr_par' dir='ltr' id='par_1_6' title="bbox 148 664 571 800">
     <span class='ocr_line' id='line_1_12' title="bbox 148 664 571 704; baseline -0.002 -8"><span class='ocrx_word' id='word_1_36' title='bbox 148 664 193 696; x_wconf 85' lang='lat' dir='ltr'>Et</span> <span class='ocrx_word' id='word_1_37' title='bbox 219 673 438 704; x_wconf 86' lang='lat' dir='ltr'>congressores</span> <span class='ocrx_word' id='word_1_38' title='bbox 462 664 571 704; x_wconf 88' lang='lat' dir='ltr'>validi,</span> 
     </span>
     <span class='ocr_line' id='line_1_13' title="bbox 149 711 561 753; baseline 0 -11"><span class='ocrx_word' id='word_1_39' title='bbox 149 711 212 743; x_wconf 89' lang='lat' dir='ltr'>Vos</span> <span class='ocrx_word' id='word_1_40' title='bbox 236 712 374 750; x_wconf 74' lang='lat' dir='ltr'>peractis</span> <span class='ocrx_word' id='word_1_41' title='bbox 399 711 561 753; x_wconf 84' lang='lat' dir='ltr'>agonibus,</span> 
     </span>
     <span class='ocr_line' id='line_1_14' title="bbox 150 757 566 800; baseline 0 -11"><span class='ocrx_word' id='word_1_42' title='bbox 150 757 284 789; x_wconf 86' lang='lat' dir='ltr'>Summis</span> <span class='ocrx_word' id='word_1_43' title='bbox 308 757 405 790; x_wconf 84' lang='lat' dir='ltr'>locati</span> <span class='ocrx_word' id='word_1_44' title='bbox 429 758 566 800; x_wconf 86' lang='lat' dir='ltr'>sedibus,</span> 
     </span>
    </p>
   </div>
   <div class='ocr_carea' id='block_1_5' title="bbox 75 818 1378 1121">
    <p class='ocr_par' dir='ltr' id='par_1_7' title="bbox 75 818 1378 1121">
     <span class='ocr_line' id='line_1_15' title="bbox 152 818 1376 857; baseline -0.001 -8"><span class='ocrx_word' id='word_1_45' title='bbox 152 822 237 849; x_wconf 86' lang='lat' dir='ltr'>Brev.</span> <span class='ocrx_word' id='word_1_46' title='bbox 266 830 319 849; x_wconf 86' lang='lat' dir='ltr'>ms.</span> <span class='ocrx_word' id='word_1_47' title='bbox 345 821 484 849; x_wconf 72' lang='lat' dir='ltr'>Far-sense</span> <span class='ocrx_word' id='word_1_48' title='bbox 512 824 580 849; x_wconf 83' lang='lat' dir='ltr'>anni</span> <span class='ocrx_word' id='word_1_49' title='bbox 616 818 698 849; x_wconf 84' lang='lat'>1499.</span> <span class='ocrx_word' id='word_1_50' title='bbox 723 822 792 850; x_wconf 86' lang='lat' dir='ltr'>Cod.</span> <span class='ocrx_word' id='word_1_51' title='bbox 818 822 939 849; x_wconf 80' lang='lat' dir='ltr'>Roman.</span> <span class='ocrx_word' id='word_1_52' title='bbox 968 820 1025 850; x_wconf 84' lang='lat'>294</span> <span class='ocrx_word' id='word_1_53' title='bbox 1050 821 1174 857; x_wconf 78' lang='lat' dir='ltr'>(Farfen.</span> <span class='ocrx_word' id='word_1_54' title='bbox 1201 819 1254 857; x_wconf 84' lang='grc'>16).</span> <span class='ocrx_word' id='word_1_55' title='bbox 1281 821 1315 849; x_wconf 89' lang='lat' dir='ltr'>A.</span> <span class='ocrx_word' id='word_1_56' title='bbox 1337 836 1376 842; x_wconf 75' lang='lat'>——</span> 
     </span>
     <span class='ocr_line' id='line_1_16' title="bbox 77 857 1374 893; baseline -0.001 -6"><span class='ocrx_word' id='word_1_57' title='bbox 77 860 160 887; x_wconf 85' lang='lat' dir='ltr'>Brev.</span> <span class='ocrx_word' id='word_1_58' title='bbox 185 867 238 886; x_wconf 87' lang='lat' dir='ltr'>ms.</span> <span class='ocrx_word' id='word_1_59' title='bbox 267 859 407 887; x_wconf 71' lang='lat' dir='ltr'>Far-sense</span> <span class='ocrx_word' id='word_1_60' title='bbox 433 867 508 887; x_wconf 65' lang='lat' dir='ltr'>saec.</span> <span class='ocrx_word' id='word_1_61' title='bbox 543 857 586 888; x_wconf 84' lang='grc'>15.</span> <span class='ocrx_word' id='word_1_62' title='bbox 637 859 706 887; x_wconf 80' lang='lat' dir='ltr'>God.</span> <span class='ocrx_word' id='word_1_63' title='bbox 730 860 852 887; x_wconf 81' lang='lat' dir='ltr'>Roman.</span> <span class='ocrx_word' id='word_1_64' title='bbox 883 857 935 886; x_wconf 83' lang='lat'>180</span> <span class='ocrx_word' id='word_1_65' title='bbox 960 858 1085 893; x_wconf 73' lang='lat' dir='ltr'>(Far-fen.</span> <span class='ocrx_word' id='word_1_66' title='bbox 1110 857 1164 893; x_wconf 81' lang='lat'>21).</span> <span class='ocrx_word' id='word_1_67' title='bbox 1192 859 1225 886; x_wconf 87' lang='lat' dir='ltr'>B.</span> <span class='ocrx_word' id='word_1_68' title='bbox 1244 873 1283 878; x_wconf 80' lang='lat'>-—</span> <span class='ocrx_word' id='word_1_69' title='bbox 1306 859 1374 887; x_wconf 84' lang='lat' dir='ltr'>Cod.</span> 
     </span>
     <span class='ocr_line' id='line_1_17' title="bbox 76 894 1376 933; baseline -0.001 -8"><span class='ocrx_word' id='word_1_70' title='bbox 76 897 276 933; x_wconf 83' lang='lat' dir='ltr'>Hamburgen.</span> <span class='ocrx_word' id='word_1_71' title='bbox 309 894 389 924; x_wconf 88' lang='lat'>1568.</span> <span class='ocrx_word' id='word_1_72' title='bbox 422 905 496 924; x_wconf 89' lang='lat' dir='ltr'>saec.</span> <span class='ocrx_word' id='word_1_73' title='bbox 524 895 568 924; x_wconf 87' lang='lat'>15.</span> <span class='ocrx_word' id='word_1_74' title='bbox 596 896 627 923; x_wconf 81' lang='lat' dir='ltr'>O.</span> <span class='ocrx_word' id='word_1_75' title='bbox 654 911 693 915; x_wconf 92' lang='lat'>—-</span> <span class='ocrx_word' id='word_1_76' title='bbox 720 896 790 924; x_wconf 89' lang='lat' dir='ltr'>Cod.</span> <span class='ocrx_word' id='word_1_77' title='bbox 819 896 970 924; x_wconf 83' lang='lat' dir='ltr'>Scotorum</span> <span class='ocrx_word' id='word_1_78' title='bbox 996 896 1199 924; x_wconf 86' lang='lat' dir='ltr'>Vindobonen.</span> <span class='ocrx_word' id='word_1_79' title='bbox 1232 895 1268 924; x_wconf 79' lang='lat'>53</span> <span class='ocrx_word' id='word_1_80' title='bbox 1300 897 1320 924; x_wconf 89' lang='lat' dir='ltr'>f.</span> <span class='ocrx_word' id='word_1_81' title='bbox 1350 895 1376 924; x_wconf 88' lang='lat'>6.</span> 
     </span>
     <span class='ocr_line' id='line_1_18' title="bbox 75 932 1376 970; baseline -0.002 -7"><span class='ocrx_word' id='word_1_82' title='bbox 75 943 151 963; x_wconf 85' lang='lat' dir='ltr'>saec.</span> <span class='ocrx_word' id='word_1_83' title='bbox 176 932 219 962; x_wconf 83' lang='lat'>15.</span> <span class='ocrx_word' id='word_1_84' title='bbox 237 935 272 961; x_wconf 91' lang='lat' dir='ltr'>D.</span> <span class='ocrx_word' id='word_1_85' title='bbox 293 948 332 953; x_wconf 89' lang='lat'>—</span> <span class='ocrx_word' id='word_1_86' title='bbox 354 935 397 962; x_wconf 85' lang='lat' dir='ltr'>In</span> <span class='ocrx_word' id='word_1_87' title='bbox 424 933 447 962; x_wconf 87' lang='lat'>1.</span> <span class='ocrx_word' id='word_1_88' title='bbox 473 934 580 969; x_wconf 85' lang='lat' dir='ltr'>Vesp.</span> <span class='ocrx_word' id='word_1_89' title='bbox 601 932 649 960; x_wconf 87' lang='grc' dir='ltr'>ΑΑ</span> <span class='ocrx_word' id='word_1_90' title='bbox 674 942 761 970; x_wconf 88' lang='lat' dir='ltr'>super</span> <span class='ocrx_word' id='word_1_91' title='bbox 785 935 833 962; x_wconf 90' lang='lat' dir='ltr'>Ps.</span> <span class='ocrx_word' id='word_1_92' title='bbox 857 933 955 961; x_wconf 84' lang='lat' dir='ltr'>fehlen</span> <span class='ocrx_word' id='word_1_93' title='bbox 981 934 1018 961; x_wconf 87' lang='lat' dir='ltr'>D.</span> <span class='ocrx_word' id='word_1_94' title='bbox 1037 947 1076 952; x_wconf 89' lang='lat'>-—</span> <span class='ocrx_word' id='word_1_95' title='bbox 1095 932 1118 959; x_wconf 89' lang='grc' dir='ltr'>Α</span> <span class='ocrx_word' id='word_1_96' title='bbox 1141 932 1165 967; x_wconf 92' lang='grc'>1,</span> <span class='ocrx_word' id='word_1_97' title='bbox 1186 932 1204 960; x_wconf 95' lang='grc'>2</span> <span class='ocrx_word' id='word_1_98' title='bbox 1225 934 1297 961; x_wconf 82' lang='lat' dir='ltr'>Cum</span> <span class='ocrx_word' id='word_1_99' title='bbox 1317 942 1376 961; x_wconf 78' lang='lat' dir='ltr'>cer—</span> 
     </span>
     <span class='ocr_line' id='line_1_19' title="bbox 77 969 1378 1007; baseline -0.001 -7"><span class='ocrx_word' id='word_1_100' title='bbox 77 981 150 1000; x_wconf 85' lang='lat' dir='ltr'>nens</span> <span class='ocrx_word' id='word_1_101' title='bbox 171 971 201 1000; x_wconf 80' lang='lat' dir='ltr'>G.</span> <span class='ocrx_word' id='word_1_102' title='bbox 221 986 261 991; x_wconf 88' lang='lat'>——</span> <span class='ocrx_word' id='word_1_103' title='bbox 281 971 303 998; x_wconf 92' lang='grc' dir='ltr'>Α</span> <span class='ocrx_word' id='word_1_104' title='bbox 318 969 345 1005; x_wconf 85' lang='grc'>2,</span> <span class='ocrx_word' id='word_1_105' title='bbox 360 970 378 999; x_wconf 99' lang='grc'>2</span> <span class='ocrx_word' id='word_1_106' title='bbox 398 972 585 1007; x_wconf 82' lang='lat' dir='ltr'>adspectibus</span> <span class='ocrx_word' id='word_1_107' title='bbox 606 972 638 999; x_wconf 80' lang='lat' dir='ltr'>C.</span> <span class='ocrx_word' id='word_1_108' title='bbox 652 986 691 990; x_wconf 87' lang='lat'>—-</span> <span class='ocrx_word' id='word_1_109' title='bbox 709 973 750 1000; x_wconf 87' lang='lat' dir='ltr'>In</span> <span class='ocrx_word' id='word_1_110' title='bbox 765 969 790 999; x_wconf 95' lang='grc'>1.</span> <span class='ocrx_word' id='word_1_111' title='bbox 804 972 907 1000; x_wconf 83' lang='lat' dir='ltr'>Noct.</span> <span class='ocrx_word' id='word_1_112' title='bbox 922 970 944 997; x_wconf 90' lang='grc' dir='ltr'>Α</span> <span class='ocrx_word' id='word_1_113' title='bbox 961 969 985 1006; x_wconf 93' lang='grc'>1,</span> <span class='ocrx_word' id='word_1_114' title='bbox 1000 970 1020 999; x_wconf 84' lang='lat'>4</span> <span class='ocrx_word' id='word_1_115' title='bbox 1033 971 1197 999; x_wconf 72' lang='lat' dir='ltr'>sustollitur</span> <span class='ocrx_word' id='word_1_116' title='bbox 1211 971 1327 999; x_wconf 82' lang='lat' dir='ltr'>ABOD.</span> <span class='ocrx_word' id='word_1_117' title='bbox 1339 986 1378 991; x_wconf 94' lang='lat'><em>-</em></span> 
     </span>
     <span class='ocr_line' id='line_1_20' title="bbox 79 1006 1378 1045; baseline -0.001 -9"><span class='ocrx_word' id='word_1_118' title='bbox 79 1008 99 1036; x_wconf 82' lang='lat' dir='ltr'>R</span> <span class='ocrx_word' id='word_1_119' title='bbox 114 1008 140 1045; x_wconf 82' lang='lat'>2,</span> <span class='ocrx_word' id='word_1_120' title='bbox 157 1008 175 1037; x_wconf 89' lang='grc'>8</span> <span class='ocrx_word' id='word_1_121' title='bbox 195 1010 250 1038; x_wconf 81' lang='lat' dir='ltr'>lies</span> <span class='ocrx_word' id='word_1_122' title='bbox 271 1018 357 1037; x_wconf 85' lang='lat' dir='ltr'>cruce</span> <span class='ocrx_word' id='word_1_123' title='bbox 377 1009 513 1037; x_wconf 81' lang='lat' dir='ltr'>conficit?</span> <span class='ocrx_word' id='word_1_124' title='bbox 533 1024 571 1029; x_wconf 84' lang='lat'>-</span> <span class='ocrx_word' id='word_1_125' title='bbox 589 1010 632 1037; x_wconf 91' lang='lat' dir='ltr'>In</span> <span class='ocrx_word' id='word_1_126' title='bbox 654 1007 681 1036; x_wconf 89' lang='grc'>2.</span> <span class='ocrx_word' id='word_1_127' title='bbox 702 1010 808 1038; x_wconf 83' lang='lat' dir='ltr'>Noct.</span> <span class='ocrx_word' id='word_1_128' title='bbox 830 1007 852 1035; x_wconf 80' lang='grc' dir='ltr'><strong>Β</strong></span> <span class='ocrx_word' id='word_1_129' title='bbox 872 1007 899 1044; x_wconf 91' lang='grc'>2,</span> <span class='ocrx_word' id='word_1_130' title='bbox 913 1006 931 1035; x_wconf 84' lang='grc'><strong><em>3</em></strong></span> <span class='ocrx_word' id='word_1_131' title='bbox 950 1008 1116 1045; x_wconf 77' lang='lat' dir='ltr'>Sequuntur</span> <span class='ocrx_word' id='word_1_132' title='bbox 1136 1010 1249 1035; x_wconf 72' lang='lat' dir='ltr'>“cutum</span> <span class='ocrx_word' id='word_1_133' title='bbox 1268 1008 1378 1036; x_wconf 80' lang='lat' dir='ltr'>habent</span> 
     </span>
     <span class='ocr_line' id='line_1_21' title="bbox 77 1044 1377 1081; baseline -0.002 -6"><span class='ocrx_word' id='word_1_134' title='bbox 77 1050 130 1075; x_wconf 87' lang='lat' dir='ltr'>etc.</span> <span class='ocrx_word' id='word_1_135' title='bbox 153 1047 212 1075; x_wconf 84' lang='lat' dir='ltr'>OD.</span> <span class='ocrx_word' id='word_1_136' title='bbox 232 1061 271 1067; x_wconf 85' lang='lat'>—-</span> <span class='ocrx_word' id='word_1_137' title='bbox 299 1045 320 1073; x_wconf 82' lang='grc' dir='ltr'>Β</span> <span class='ocrx_word' id='word_1_138' title='bbox 341 1045 367 1081; x_wconf 81' lang='lat'>3,</span> <span class='ocrx_word' id='word_1_139' title='bbox 389 1045 406 1074; x_wconf 85' lang='lat'>6</span> <span class='ocrx_word' id='word_1_140' title='bbox 429 1049 474 1074; x_wconf 85' lang='lat' dir='ltr'>est</span> <span class='ocrx_word' id='word_1_141' title='bbox 491 1047 565 1075; x_wconf 82' lang='lat' dir='ltr'>fehlt</span> <span class='ocrx_word' id='word_1_142' title='bbox 584 1048 621 1075; x_wconf 90' lang='lat' dir='ltr'>D.</span> <span class='ocrx_word' id='word_1_143' title='bbox 641 1062 679 1067; x_wconf 87' lang='lat'>——</span> <span class='ocrx_word' id='word_1_144' title='bbox 704 1047 747 1074; x_wconf 85' lang='lat' dir='ltr'>In</span> <span class='ocrx_word' id='word_1_145' title='bbox 765 1047 875 1074; x_wconf 85' lang='lat' dir='ltr'>Laud.</span> <span class='ocrx_word' id='word_1_146' title='bbox 900 1046 919 1072; x_wconf 82' lang='grc' dir='ltr'>Α</span> <span class='ocrx_word' id='word_1_147' title='bbox 939 1045 965 1080; x_wconf 89' lang='grc'>2,</span> <span class='ocrx_word' id='word_1_148' title='bbox 985 1044 1003 1073; x_wconf 86' lang='lat'><strong>3</strong></span> <span class='ocrx_word' id='word_1_149' title='bbox 1021 1046 1062 1073; x_wconf 86' lang='lat' dir='ltr'>Et</span> <span class='ocrx_word' id='word_1_150' title='bbox 1080 1047 1198 1073; x_wconf 82' lang='lat' dir='ltr'>flamma</span> <span class='ocrx_word' id='word_1_151' title='bbox 1210 1053 1276 1073; x_wconf 82' lang='lat' dir='ltr'>eum</span> <span class='ocrx_word' id='word_1_152' title='bbox 1288 1046 1325 1074; x_wconf 88' lang='lat' dir='ltr'>D.</span> <span class='ocrx_word' id='word_1_153' title='bbox 1340 1061 1377 1065; x_wconf 91' lang='lat'>——</span> 
     </span>
     <span class='ocr_line' id='line_1_22' title="bbox 77 1081 1377 1121; baseline 0.001 -10"><span class='ocrx_word' id='word_1_154' title='bbox 77 1083 99 1111; x_wconf 85' lang='grc' dir='ltr'>Α</span> <span class='ocrx_word' id='word_1_155' title='bbox 120 1084 146 1120; x_wconf 89' lang='grc'>2,</span> <span class='ocrx_word' id='word_1_156' title='bbox 166 1083 186 1112; x_wconf 81' lang='lat'>4</span> <span class='ocrx_word' id='word_1_157' title='bbox 204 1085 303 1113; x_wconf 82' lang='lat' dir='ltr'>ferunt</span> <span class='ocrx_word' id='word_1_158' title='bbox 322 1086 428 1112; x_wconf 69' lang='lat' dir='ltr'>aeriter</span> <span class='ocrx_word' id='word_1_159' title='bbox 447 1085 484 1112; x_wconf 88' lang='lat' dir='ltr'>D.</span> <span class='ocrx_word' id='word_1_160' title='bbox 504 1099 543 1104; x_wconf 91' lang='lat'>—</span> <span class='ocrx_word' id='word_1_161' title='bbox 561 1086 619 1112; x_wconf 86' lang='lat' dir='ltr'>Die</span> <span class='ocrx_word' id='word_1_162' title='bbox 638 1084 834 1121; x_wconf 68' lang='lat' dir='ltr'>zugehorigen</span> <span class='ocrx_word' id='word_1_163' title='bbox 852 1085 989 1120; x_wconf 84' lang='lat' dir='ltr'>Hymnen</span> <span class='ocrx_word' id='word_1_164' title='bbox 1008 1084 1058 1111; x_wconf 86' lang='lat' dir='ltr'>cfr.</span> <span class='ocrx_word' id='word_1_165' title='bbox 1078 1083 1163 1111; x_wconf 78' lang='lat' dir='ltr'>Anal.</span> <span class='ocrx_word' id='word_1_166' title='bbox 1183 1083 1234 1118; x_wconf 83' lang='lat' dir='ltr'>IV,</span> <span class='ocrx_word' id='word_1_167' title='bbox 1254 1084 1306 1111; x_wconf 82' lang='lat' dir='ltr'>Nr.</span> <span class='ocrx_word' id='word_1_168' title='bbox 1320 1081 1377 1112; x_wconf 84' lang='grc'>420</span> 
     </span>
    </p>
   </div>
   <div class='ocr_carea' id='block_1_6' title="bbox 77 1120 212 1150">
    <p class='ocr_par' dir='ltr' id='par_1_8' title="bbox 77 1120 212 1150">
     <span class='ocr_line' id='line_1_23' title="bbox 77 1120 212 1150; baseline -0.007 0"><span class='ocrx_word' id='word_1_169' title='bbox 77 1123 125 1150; x_wconf 87' lang='lat' dir='ltr'>bis</span> <span class='ocrx_word' id='word_1_170' title='bbox 146 1120 212 1150; x_wconf 87' lang='grc'>422.</span> 
     </span>
    </p>
   </div>
   <div class='ocr_carea' id='block_1_7' title="bbox 825 158 1306 292">
    <p class='ocr_par' dir='ltr' id='par_1_9' title="bbox 825 158 1306 292">
     <span class='ocr_line' id='line_1_24' title="bbox 826 158 1226 192; baseline -0.008 0"><span class='ocrx_word' id='word_1_171' title='bbox 826 158 946 192; x_wconf 88' lang='lat' dir='ltr'>Amicti</span> <span class='ocrx_word' id='word_1_172' title='bbox 968 159 1057 190; x_wconf 90' lang='lat' dir='ltr'>stolis</span> <span class='ocrx_word' id='word_1_173' title='bbox 1083 158 1226 190; x_wconf 87' lang='lat' dir='ltr'>candidis</span> 
     </span>
     <span class='ocr_line' id='line_1_25' title="bbox 827 204 1306 245; baseline -0.006 -6"><span class='ocrx_word' id='word_1_174' title='bbox 827 205 1026 245; x_wconf 81' lang='lat' dir='ltr'>Gemmisque</span> <span class='ocrx_word' id='word_1_175' title='bbox 1049 204 1151 245; x_wconf 86' lang='lat' dir='ltr'>plenis</span> <span class='ocrx_word' id='word_1_176' title='bbox 1176 204 1306 245; x_wconf 76' lang='lat' dir='ltr'>fulgidis</span> 
     </span>
     <span class='ocr_line' id='line_1_26' title="bbox 825 252 1219 292; baseline -0.005 -6"><span class='ocrx_word' id='word_1_177' title='bbox 825 252 1002 286; x_wconf 78' lang='lat' dir='ltr'>Exsultatis</span> <span class='ocrx_word' id='word_1_178' title='bbox 1026 252 1219 292; x_wconf 71' lang='lat' dir='ltr'>perenniter.</span> 
     </span>
    </p>
   </div>
   <div class='ocr_carea' id='block_1_8' title="bbox 943 352 1188 390">
    <p class='ocr_par' dir='ltr' id='par_1_10' title="bbox 943 352 1188 390">
     <span class='ocr_line' id='line_1_27' title="bbox 943 352 1188 390; baseline -0.008 -8"><span class='ocrx_word' id='word_1_179' title='bbox 943 354 989 382; x_wconf 69' lang='lat' dir='ltr'>Aa</span> <span class='ocrx_word' id='word_1_180' title='bbox 1009 352 1188 390; x_wconf 66' lang='lat' dir='ltr'>Mag-nificat.</span> 
     </span>
    </p>
   </div>
   <div class='ocr_carea' id='block_1_9' title="bbox 792 430 1217 472">
    <p class='ocr_par' dir='ltr' id='par_1_11' title="bbox 792 430 1217 472">
     <span class='ocr_line' id='line_1_28' title="bbox 792 430 1217 472; baseline -0.007 -8"><span class='ocrx_word' id='word_1_181' title='bbox 792 455 800 463; x_wconf 95' lang='lat'>.</span> <span class='ocrx_word' id='word_1_182' title='bbox 830 431 854 464; x_wconf 96' lang='lat' dir='ltr'>O</span> <span class='ocrx_word' id='word_1_183' title='bbox 882 430 992 472; x_wconf 85' lang='lat' dir='ltr'>globus</span> <span class='ocrx_word' id='word_1_184' title='bbox 1015 430 1217 469; x_wconf 89' lang='lat' dir='ltr'>invincibilis,</span> 
     </span>
    </p>
   </div>
   <div class='ocr_carea' id='block_1_10' title="bbox 827 476 1306 798">
    <p class='ocr_par' dir='ltr' id='par_1_12' title="bbox 827 476 1306 798">
     <span class='ocr_line' id='line_1_29' title="bbox 827 476 1241 517; baseline -0.007 -7"><span class='ocrx_word' id='word_1_185' title='bbox 827 477 934 510; x_wconf 85' lang='lat' dir='ltr'>Armis</span> <span class='ocrx_word' id='word_1_186' title='bbox 956 477 1085 509; x_wconf 85' lang='lat' dir='ltr'>indutus</span> <span class='ocrx_word' id='word_1_187' title='bbox 1109 476 1241 517; x_wconf 80' lang='lat' dir='ltr'>bellicis,</span> 
     </span>
     <span class='ocr_line' id='line_1_30' title="bbox 829 524 1304 563; baseline -0.004 -7"><span class='ocrx_word' id='word_1_188' title='bbox 829 524 981 557; x_wconf 85' lang='lat' dir='ltr'>Flammis</span> <span class='ocrx_word' id='word_1_189' title='bbox 1006 532 1155 556; x_wconf 87' lang='lat' dir='ltr'>accensus</span> <span class='ocrx_word' id='word_1_190' title='bbox 1179 524 1304 563; x_wconf 83' lang='lat' dir='ltr'>lucidis,</span> 
     </span>
     <span class='ocr_line' id='line_1_31' title="bbox 829 570 1240 616; baseline -0.005 -13"><span class='ocrx_word' id='word_1_191' title='bbox 829 571 939 603; x_wconf 88' lang='lat' dir='ltr'>Hostis</span> <span class='ocrx_word' id='word_1_192' title='bbox 965 570 1105 611; x_wconf 85' lang='lat' dir='ltr'>depulsis</span> <span class='ocrx_word' id='word_1_193' title='bbox 1128 570 1240 616; x_wconf 76' lang='lat' dir='ltr'>iaculis</span> 
     </span>
     <span class='ocr_line' id='line_1_32' title="bbox 830 617 1237 658; baseline -0.005 -7"><span class='ocrx_word' id='word_1_194' title='bbox 830 618 895 651; x_wconf 88' lang='lat' dir='ltr'>Sub</span> <span class='ocrx_word' id='word_1_195' title='bbox 920 618 979 650; x_wconf 88' lang='lat' dir='ltr'>alis</span> <span class='ocrx_word' id='word_1_196' title='bbox 1003 627 1060 650; x_wconf 89' lang='lat' dir='ltr'>nos</span> <span class='ocrx_word' id='word_1_197' title='bbox 1080 617 1237 658; x_wconf 83' lang='lat' dir='ltr'>protegite</span> 
     </span>
     <span class='ocr_line' id='line_1_33' title="bbox 831 664 1245 704; baseline -0.005 -7"><span class='ocrx_word' id='word_1_198' title='bbox 831 666 1039 704; x_wconf 87' lang='lat' dir='ltr'>Amoremque</span> <span class='ocrx_word' id='word_1_199' title='bbox 1062 664 1245 696; x_wconf 86' lang='lat' dir='ltr'>succendite</span> 
     </span>
     <span class='ocr_line' id='line_1_34' title="bbox 829 711 1240 752; baseline 0 -9"><span class='ocrx_word' id='word_1_200' title='bbox 829 711 958 752; x_wconf 82' lang='lat' dir='ltr'>Nosque</span> <span class='ocrx_word' id='word_1_201' title='bbox 981 721 1104 744; x_wconf 86' lang='lat' dir='ltr'>sursum</span> <span class='ocrx_word' id='word_1_202' title='bbox 1129 711 1240 751; x_wconf 84' lang='lat' dir='ltr'>erigite</span> 
     </span>
     <span class='ocr_line' id='line_1_35' title="bbox 831 757 1306 798; baseline 0.002 -8"><span class='ocrx_word' id='word_1_203' title='bbox 831 758 1018 798; x_wconf 83' lang='lat' dir='ltr'>Christoque</span> <span class='ocrx_word' id='word_1_204' title='bbox 1042 758 1146 790; x_wconf 86' lang='lat' dir='ltr'>salvos</span> <span class='ocrx_word' id='word_1_205' title='bbox 1171 757 1306 791; x_wconf 88' lang='lat' dir='ltr'>reddite.</span> 
     </span>
    </p>
   </div>
   <div class='ocr_carea' id='block_1_11' title="bbox 426 1202 1012 1236">
    <p class='ocr_par' dir='ltr' id='par_1_13' title="bbox 426 1202 1012 1236">
     <span class='ocr_line' id='line_1_36' title="bbox 426 1202 1012 1236; baseline -0.002 -1"><span class='ocrx_word' id='word_1_206' title='bbox 426 1204 473 1235; x_wconf 82' lang='lat'>52.</span> <span class='ocrx_word' id='word_1_207' title='bbox 500 1205 544 1235; x_wconf 85' lang='lat' dir='ltr'>De</span> <span class='ocrx_word' id='word_1_208' title='bbox 561 1212 603 1235; x_wconf 87' lang='lat' dir='ltr'>ss.</span> <span class='ocrx_word' id='word_1_209' title='bbox 622 1203 783 1236; x_wconf 84' lang='lat' dir='ltr'>Praeiecto</span> <span class='ocrx_word' id='word_1_210' title='bbox 804 1204 837 1235; x_wconf 84' lang='lat' dir='ltr'>et</span> <span class='ocrx_word' id='word_1_211' title='bbox 854 1202 1012 1235; x_wconf 77' lang='lat' dir='ltr'>Amerino.</span> 
     </span>
    </p>
   </div>
   <div class='ocr_carea' id='block_1_12' title="bbox 218 1273 557 1314">
    <p class='ocr_par' dir='ltr' id='par_1_14' title="bbox 218 1273 557 1314">
     <span class='ocr_line' id='line_1_37' title="bbox 218 1273 557 1314; baseline 0 -7"><span class='ocrx_word' id='word_1_212' title='bbox 218 1275 267 1307; x_wconf 88' lang='lat' dir='ltr'>In</span> <span class='ocrx_word' id='word_1_213' title='bbox 291 1273 322 1308; x_wconf 88' lang='lat'>1.</span> <span class='ocrx_word' id='word_1_214' title='bbox 348 1274 557 1314; x_wconf 73' lang='lat' dir='ltr'>vesperis,</span> 
     </span>
    </p>
   </div>
   <div class='ocr_carea' id='block_1_13' title="bbox 261 1348 514 1384">
    <p class='ocr_par' dir='ltr' id='par_1_15' title="bbox 261 1348 514 1384">
     <span class='ocr_line' id='line_1_38' title="bbox 261 1348 514 1384; baseline -0.004 -8"><span class='ocrx_word' id='word_1_215' title='bbox 261 1349 354 1384; x_wconf 86' lang='lat' dir='ltr'>Super</span> <span class='ocrx_word' id='word_1_216' title='bbox 372 1348 514 1376; x_wconf 83' lang='lat' dir='ltr'>Psalmos.</span> 
     </span>
    </p>
   </div>
   <div class='ocr_carea' id='block_1_14' title="bbox 76 1406 643 1721">
    <p class='ocr_par' dir='ltr' id='par_1_16' title="bbox 76 1406 643 1721">
     <span class='ocr_line' id='line_1_39' title="bbox 76 1406 643 1440; baseline -0.007 0"><span class='ocrx_word' id='word_1_217' title='bbox 76 1407 116 1440; x_wconf 84' lang='lat' dir='ltr'>A.</span> <span class='ocrx_word' id='word_1_218' title='bbox 145 1406 347 1438; x_wconf 79' lang='lat' dir='ltr'>Praeclaram</span> <span class='ocrx_word' id='word_1_219' title='bbox 372 1414 455 1438; x_wconf 90' lang='lat' dir='ltr'>nunc</span> <span class='ocrx_word' id='word_1_220' title='bbox 478 1406 643 1438; x_wconf 84' lang='lat' dir='ltr'>victoriam</span> 
     </span>
     <span class='ocr_line' id='line_1_40' title="bbox 193 1452 575 1486; baseline -0.005 -1"><span class='ocrx_word' id='word_1_221' title='bbox 193 1453 351 1486; x_wconf 85' lang='lat' dir='ltr'>Praeiecti</span> <span class='ocrx_word' id='word_1_222' title='bbox 376 1455 408 1483; x_wconf 88' lang='lat' dir='ltr'>et</span> <span class='ocrx_word' id='word_1_223' title='bbox 430 1452 575 1484; x_wconf 85' lang='lat' dir='ltr'>Amarini</span> 
     </span>
     <span class='ocr_line' id='line_1_41' title="bbox 147 1499 590 1539; baseline -0.002 -7"><span class='ocrx_word' id='word_1_224' title='bbox 147 1500 306 1532; x_wconf 84' lang='lat' dir='ltr'>Ducamus</span> <span class='ocrx_word' id='word_1_225' title='bbox 330 1500 372 1532; x_wconf 86' lang='lat' dir='ltr'>ad</span> <span class='ocrx_word' id='word_1_226' title='bbox 396 1499 590 1539; x_wconf 79' lang='lat' dir='ltr'>memoriam,</span> 
     </span>
     <span class='ocr_line' id='line_1_42' title="bbox 193 1546 460 1586; baseline -0.004 -8"><span class='ocrx_word' id='word_1_227' title='bbox 193 1547 336 1586; x_wconf 78' lang='lat' dir='ltr'>Qualiter</span> <span class='ocrx_word' id='word_1_228' title='bbox 361 1546 460 1579; x_wconf 86' lang='lat' dir='ltr'>divini</span> 
     </span>
     <span class='ocr_line' id='line_1_43' title="bbox 145 1592 637 1634; baseline -0.006 -7"><span class='ocrx_word' id='word_1_229' title='bbox 145 1595 266 1627; x_wconf 82' lang='lat' dir='ltr'>Fervor</span> <span class='ocrx_word' id='word_1_230' title='bbox 290 1594 405 1626; x_wconf 89' lang='lat' dir='ltr'>amoris</span> <span class='ocrx_word' id='word_1_231' title='bbox 430 1592 637 1634; x_wconf 87' lang='lat' dir='ltr'>perlustravit</span> 
     </span>
     <span class='ocr_line' id='line_1_44' title="bbox 146 1639 638 1680; baseline -0.006 -6"><span class='ocrx_word' id='word_1_232' title='bbox 146 1641 268 1674; x_wconf 89' lang='lat' dir='ltr'>Horum</span> <span class='ocrx_word' id='word_1_233' title='bbox 292 1644 412 1673; x_wconf 83' lang='lat' dir='ltr'>mentes</span> <span class='ocrx_word' id='word_1_234' title='bbox 438 1643 471 1672; x_wconf 87' lang='lat' dir='ltr'>et</span> <span class='ocrx_word' id='word_1_235' title='bbox 494 1639 638 1680; x_wconf 85' lang='lat' dir='ltr'>armavit,</span> 
     </span>
     <span class='ocr_line' id='line_1_45' title="bbox 192 1687 602 1721; baseline 0.002 -1"><span class='ocrx_word' id='word_1_236' title='bbox 192 1688 277 1721; x_wconf 89' lang='lat' dir='ltr'>Dum</span> <span class='ocrx_word' id='word_1_237' title='bbox 301 1687 501 1720; x_wconf 85' lang='lat' dir='ltr'>trucidantur</span> <span class='ocrx_word' id='word_1_238' title='bbox 523 1687 602 1721; x_wconf 90' lang='lat' dir='ltr'>bini.</span> 
     </span>
    </p>
   </div>
   <div class='ocr_carea' id='block_1_15' title="bbox 264 1761 509 1798">
    <p class='ocr_par' dir='ltr' id='par_1_17' title="bbox 264 1761 509 1798">
     <span class='ocr_line' id='line_1_46' title="bbox 264 1761 509 1798; baseline -0.008 -8"><span class='ocrx_word' id='word_1_239' title='bbox 264 1762 311 1790; x_wconf 87' lang='lat' dir='ltr'>Ad</span> <span class='ocrx_word' id='word_1_240' title='bbox 331 1761 509 1798; x_wconf 80' lang='lat' dir='ltr'>Magnificat.</span> 
     </span>
    </p>
   </div>
   <div class='ocr_carea' id='block_1_16' title="bbox 76 1820 593 2091">
    <p class='ocr_par' dir='ltr' id='par_1_18' title="bbox 76 1820 593 2091">
     <span class='ocr_line' id='line_1_47' title="bbox 76 1820 546 1860; baseline -0.002 -8"><span class='ocrx_word' id='word_1_241' title='bbox 76 1821 117 1854; x_wconf 84' lang='lat' dir='ltr'>A.</span> <span class='ocrx_word' id='word_1_242' title='bbox 148 1821 172 1853; x_wconf 97' lang='lat' dir='ltr'>O</span> <span class='ocrx_word' id='word_1_243' title='bbox 200 1829 328 1853; x_wconf 89' lang='lat' dir='ltr'>veraces</span> <span class='ocrx_word' id='word_1_244' title='bbox 352 1820 386 1852; x_wconf 89' lang='lat' dir='ltr'>hi</span> <span class='ocrx_word' id='word_1_245' title='bbox 409 1820 546 1860; x_wconf 87' lang='lat' dir='ltr'>patroni,</span> 
     </span>
     <span class='ocr_line' id='line_1_48' title="bbox 148 1867 570 1908; baseline -0.002 -8"><span class='ocrx_word' id='word_1_246' title='bbox 148 1867 317 1908; x_wconf 84' lang='lat' dir='ltr'>Speculum</span> <span class='ocrx_word' id='word_1_247' title='bbox 341 1867 471 1907; x_wconf 84' lang='lat' dir='ltr'>superni</span> <span class='ocrx_word' id='word_1_248' title='bbox 495 1867 570 1899; x_wconf 85' lang='lat' dir='ltr'>boni</span> 
     </span>
     <span class='ocr_line' id='line_1_49' title="bbox 191 1915 556 1956; baseline -0.005 -8"><span class='ocrx_word' id='word_1_249' title='bbox 191 1917 276 1948; x_wconf 88' lang='lat' dir='ltr'>Vere</span> <span class='ocrx_word' id='word_1_250' title='bbox 296 1915 556 1956; x_wconf 78' lang='lat' dir='ltr'>contemplanteS,</span> 
     </span>
     <span class='ocr_line' id='line_1_50' title="bbox 145 1963 593 1997; baseline -0.004 -1"><span class='ocrx_word' id='word_1_251' title='bbox 145 1963 192 1996; x_wconf 90' lang='lat' dir='ltr'>Ut</span> <span class='ocrx_word' id='word_1_252' title='bbox 215 1963 378 1997; x_wconf 84' lang='lat' dir='ltr'>vobiscum</span> <span class='ocrx_word' id='word_1_253' title='bbox 403 1963 593 1995; x_wconf 86' lang='lat' dir='ltr'>collocemur</span> 
     </span>
     <span class='ocr_line' id='line_1_51' title="bbox 144 2010 566 2054; baseline -0.005 -11"><span class='ocrx_word' id='word_1_254' title='bbox 144 2010 190 2043; x_wconf 86' lang='lat' dir='ltr'>Et</span> <span class='ocrx_word' id='word_1_255' title='bbox 211 2011 245 2043; x_wconf 91' lang='lat' dir='ltr'>in</span> <span class='ocrx_word' id='word_1_256' title='bbox 267 2010 363 2042; x_wconf 85' lang='lat' dir='ltr'>caelis</span> <span class='ocrx_word' id='word_1_257' title='bbox 386 2010 566 2054; x_wconf 81' lang='lat' dir='ltr'>glon&#39;emur,</span> 
     </span>
     <span class='ocr_line' id='line_1_52' title="bbox 194 2058 555 2091; baseline 0.006 -2"><span class='ocrx_word' id='word_1_258' title='bbox 194 2058 352 2090; x_wconf 85' lang='lat' dir='ltr'>Christum</span> <span class='ocrx_word' id='word_1_259' title='bbox 378 2061 555 2091; x_wconf 84' lang='lat' dir='ltr'>exorantes.</span> 
     </span>
    </p>
   </div>
   <div class='ocr_carea' id='block_1_17' title="bbox 209 2143 556 2177">
    <p class='ocr_par' dir='ltr' id='par_1_19' title="bbox 209 2143 556 2177">
     <span class='ocr_line' id='line_1_53' title="bbox 209 2143 556 2177; baseline 0.006 -2"><span class='ocrx_word' id='word_1_260' title='bbox 209 2144 270 2176; x_wconf 88' lang='lat' dir='ltr'>Ad</span> <span class='ocrx_word' id='word_1_261' title='bbox 295 2143 556 2177; x_wconf 85' lang='lat' dir='ltr'>Matutinum.</span> 
     </span>
    </p>
   </div>
   <div class='ocr_carea' id='block_1_18' title="bbox 276 2219 492 2246">
    <p class='ocr_par' dir='ltr' id='par_1_20' title="bbox 276 2219 492 2246">
     <span class='ocr_line' id='line_1_54' title="bbox 276 2219 492 2246; baseline -0.005 0"><span class='ocrx_word' id='word_1_262' title='bbox 276 2219 492 2246; x_wconf 72' lang='lat' dir='ltr'>Invitatorium.</span> 
     </span>
    </p>
   </div>
   <div class='ocr_carea' id='block_1_19' title="bbox 129 2275 647 2413">
    <p class='ocr_par' dir='ltr' id='par_1_21' title="bbox 129 2275 647 2413">
     <span class='ocr_line' id='line_1_55' title="bbox 144 2275 398 2317; baseline 0 -9"><span class='ocrx_word' id='word_1_263' title='bbox 144 2275 269 2317; x_wconf 85' lang='lat' dir='ltr'>Surgite</span> <span class='ocrx_word' id='word_1_264' title='bbox 292 2276 398 2310; x_wconf 84' lang='lat' dir='ltr'>devoti</span> 
     </span>
     <span class='ocr_line' id='line_1_56' title="bbox 190 2324 647 2367; baseline 0 -11"><span class='ocrx_word' id='word_1_265' title='bbox 190 2333 248 2365; x_wconf 86' lang='lat' dir='ltr'>per</span> <span class='ocrx_word' id='word_1_266' title='bbox 273 2326 394 2358; x_wconf 87' lang='lat' dir='ltr'>caelica</span> <span class='ocrx_word' id='word_1_267' title='bbox 418 2324 536 2367; x_wconf 85' lang='lat' dir='ltr'>gaudia</span> <span class='ocrx_word' id='word_1_268' title='bbox 559 2324 647 2366; x_wconf 85' lang='lat' dir='ltr'>moti,</span> 
     </span>
     <span class='ocr_line' id='line_1_57' title="bbox 129 2382 629 2413; baseline 0 -7"><span class='ocrx_word' id='word_1_269' title='bbox 129 2384 252 2412; x_wconf 75' lang='lat' dir='ltr'>Dreves,</span> <span class='ocrx_word' id='word_1_270' title='bbox 267 2383 387 2408; x_wconf 72' lang='lat' dir='ltr'>Historiae</span> <span class='ocrx_word' id='word_1_271' title='bbox 396 2384 552 2413; x_wconf 73' lang='lat' dir='ltr'>rhythmicae.</span> <span class='ocrx_word' id='word_1_272' title='bbox 577 2382 629 2407; x_wconf 84' lang='lat' dir='ltr'>VH.</span> 
     </span>
    </p>
   </div>
   <div class='ocr_carea' id='block_1_20' title="bbox 769 1577 798 1609">
    <p class='ocr_par' dir='ltr' id='par_1_22' title="bbox 769 1577 798 1609">
     <span class='ocr_line' id='line_1_58' title="bbox 769 1577 798 1609; baseline -0.034 0"><span class='ocrx_word' id='word_1_273' title='bbox 769 1577 798 1609; x_wconf 83' lang='lat'>1.</span> 
     </span>
    </p>
   </div>
   <div class='ocr_carea' id='block_1_21' title="bbox 770 2078 801 2110">
    <p class='ocr_par' dir='ltr' id='par_1_23' title="bbox 770 2078 801 2110">
     <span class='ocr_line' id='line_1_59' title="bbox 770 2078 801 2110; baseline 0 0"><span class='ocrx_word' id='word_1_274' title='bbox 770 2078 801 2110; x_wconf 83' lang='lat'>4.</span> 
     </span>
    </p>
   </div>
   <div class='ocr_carea' id='block_1_22' title="bbox 768 2182 799 2214">
    <p class='ocr_par' dir='ltr' id='par_1_24' title="bbox 768 2182 799 2214">
     <span class='ocr_line' id='line_1_60' title="bbox 768 2182 799 2214; baseline 0 0"><span class='ocrx_word' id='word_1_275' title='bbox 768 2182 799 2214; x_wconf 84' lang='lat'>5.</span> 
     </span>
    </p>
   </div>
   <div class='ocr_carea' id='block_1_23' title="bbox 825 1273 1354 1352">
    <p class='ocr_par' dir='ltr' id='par_1_25' title="bbox 825 1273 1354 1352">
     <span class='ocr_line' id='line_1_61' title="bbox 825 1273 1153 1305; baseline 0 0"><span class='ocrx_word' id='word_1_276' title='bbox 825 1273 928 1305; x_wconf 84' lang='lat' dir='ltr'>Huius</span> <span class='ocrx_word' id='word_1_277' title='bbox 952 1273 1153 1305; x_wconf 82' lang='lat' dir='ltr'>multimodas</span> 
     </span>
     <span class='ocr_line' id='line_1_62' title="bbox 875 1319 1354 1352; baseline -0.002 -1"><span class='ocrx_word' id='word_1_278' title='bbox 875 1320 1070 1352; x_wconf 80' lang='lat' dir='ltr'>celebrantes</span> <span class='ocrx_word' id='word_1_279' title='bbox 1095 1319 1241 1351; x_wconf 84' lang='lat' dir='ltr'>carminis</span> <span class='ocrx_word' id='word_1_280' title='bbox 1266 1319 1354 1351; x_wconf 88' lang='lat' dir='ltr'>odas.</span> 
     </span>
    </p>
   </div>
   <div class='ocr_carea' id='block_1_24' title="bbox 891 1422 1250 1455">
    <p class='ocr_par' dir='ltr' id='par_1_26' title="bbox 891 1422 1250 1455">
     <span class='ocr_line' id='line_1_63' title="bbox 891 1422 1250 1455; baseline 0 0"><span class='ocrx_word' id='word_1_281' title='bbox 891 1423 937 1455; x_wconf 86' lang='lat' dir='ltr'>In</span> <span class='ocrx_word' id='word_1_282' title='bbox 964 1423 994 1455; x_wconf 86' lang='lat'>1.</span> <span class='ocrx_word' id='word_1_283' title='bbox 1021 1422 1080 1455; x_wconf 83' lang='lat' dir='ltr'>No</span> <span class='ocrx_word' id='word_1_284' title='bbox 1092 1424 1250 1455; x_wconf 81' lang='lat' dir='ltr'>cturno.</span> 
     </span>
    </p>
   </div>
   <div class='ocr_carea' id='block_1_25' title="bbox 968 1505 1162 1540">
    <p class='ocr_par' dir='ltr' id='par_1_27' title="bbox 968 1505 1162 1540">
     <span class='ocr_line' id='line_1_64' title="bbox 968 1505 1162 1540; baseline -0.005 -6"><span class='ocrx_word' id='word_1_285' title='bbox 968 1506 1038 1534; x_wconf 82' lang='lat' dir='ltr'>Anti</span> <span class='ocrx_word' id='word_1_286' title='bbox 1040 1505 1162 1540; x_wconf 83' lang='lat' dir='ltr'>phonae.</span> 
     </span>
    </p>
   </div>
   <div class='ocr_carea' id='block_1_26' title="bbox 826 1573 1260 1748">
    <p class='ocr_par' dir='ltr' id='par_1_28' title="bbox 826 1573 1242 1660">
     <span class='ocr_line' id='line_1_65' title="bbox 826 1573 1242 1614; baseline -0.005 -8"><span class='ocrx_word' id='word_1_287' title='bbox 826 1574 851 1606; x_wconf 94' lang='grc' dir='ltr'>Ο</span> <span class='ocrx_word' id='word_1_288' title='bbox 876 1574 1057 1614; x_wconf 84' lang='lat' dir='ltr'>praedulcis</span> <span class='ocrx_word' id='word_1_289' title='bbox 1080 1573 1242 1613; x_wconf 85' lang='lat' dir='ltr'>Amarine,</span> 
     </span>
     <span class='ocr_line' id='line_1_66' title="bbox 872 1620 1223 1660; baseline -0.006 -7"><span class='ocrx_word' id='word_1_290' title='bbox 872 1621 921 1653; x_wconf 88' lang='lat' dir='ltr'>Tu</span> <span class='ocrx_word' id='word_1_291' title='bbox 943 1620 1079 1652; x_wconf 86' lang='lat' dir='ltr'>dulciter</span> <span class='ocrx_word' id='word_1_292' title='bbox 1102 1620 1223 1660; x_wconf 84' lang='lat' dir='ltr'>adesto,</span> 
     </span>
    </p>

    <p class='ocr_par' dir='ltr' id='par_1_29' title="bbox 826 1666 1260 1748">
     <span class='ocr_line' id='line_1_67' title="bbox 826 1666 1237 1708; baseline -0.002 -9"><span class='ocrx_word' id='word_1_293' title='bbox 826 1667 893 1701; x_wconf 80' lang='lat' dir='ltr'>Fac</span> <span class='ocrx_word' id='word_1_294' title='bbox 918 1668 1057 1708; x_wconf 83' lang='lat' dir='ltr'>gaudere</span> <span class='ocrx_word' id='word_1_295' title='bbox 1081 1668 1151 1699; x_wconf 83' lang='lat' dir='ltr'>sine</span> <span class='ocrx_word' id='word_1_296' title='bbox 1173 1666 1237 1699; x_wconf 88' lang='lat' dir='ltr'>fine</span> 
     </span>
     <span class='ocr_line' id='line_1_68' title="bbox 873 1713 1260 1748; baseline 0.003 -1"><span class='ocrx_word' id='word_1_297' title='bbox 873 1716 1063 1748; x_wconf 84' lang='lat' dir='ltr'>Praesentes</span> <span class='ocrx_word' id='word_1_298' title='bbox 1087 1717 1142 1746; x_wconf 90' lang='lat' dir='ltr'>tuo</span> <span class='ocrx_word' id='word_1_299' title='bbox 1168 1713 1260 1748; x_wconf 81' lang='lat' dir='ltr'>festo.</span> 
     </span>
    </p>
   </div>
   <div class='ocr_carea' id='block_1_27' title="bbox 827 1771 1380 1811">
    <p class='ocr_par' dir='ltr' id='par_1_30' title="bbox 827 1771 1380 1811">
     <span class='ocr_line' id='line_1_69' title="bbox 827 1771 1380 1811; baseline -0.004 -6"><span class='ocrx_word' id='word_1_300' title='bbox 827 1772 1010 1805; x_wconf 87' lang='lat' dir='ltr'>Praeiectus</span> <span class='ocrx_word' id='word_1_301' title='bbox 1036 1776 1085 1805; x_wconf 84' lang='lat' dir='ltr'>est</span> <span class='ocrx_word' id='word_1_302' title='bbox 1107 1771 1380 1811; x_wconf 83' lang='lat' dir='ltr'>praegnosticatus</span> 
     </span>
    </p>
   </div>
   <div class='ocr_carea' id='block_1_28' title="bbox 825 1819 1273 1860">
    <p class='ocr_par' dir='ltr' id='par_1_31' title="bbox 825 1819 1273 1860">
     <span class='ocr_line' id='line_1_70' title="bbox 825 1819 1273 1860; baseline -0.004 -8"><span class='ocrx_word' id='word_1_303' title='bbox 825 1819 911 1852; x_wconf 88' lang='lat' dir='ltr'>Ante</span> <span class='ocrx_word' id='word_1_304' title='bbox 934 1819 1029 1851; x_wconf 86' lang='lat' dir='ltr'>matri</span> <span class='ocrx_word' id='word_1_305' title='bbox 1054 1828 1147 1860; x_wconf 88' lang='lat' dir='ltr'>quam</span> <span class='ocrx_word' id='word_1_306' title='bbox 1170 1822 1273 1851; x_wconf 88' lang='lat' dir='ltr'>natus.</span> 
     </span>
    </p>
   </div>
   <div class='ocr_carea' id='block_1_29' title="bbox 793 1876 1247 1910">
    <p class='ocr_par' dir='ltr' id='par_1_32' title="bbox 793 1876 1247 1910">
     <span class='ocr_line' id='line_1_71' title="bbox 793 1876 1247 1910; baseline 0 -3"><span class='ocrx_word' id='word_1_307' title='bbox 793 1900 799 1907; x_wconf 97' lang='lat'>.</span> <span class='ocrx_word' id='word_1_308' title='bbox 827 1876 945 1910; x_wconf 84' lang='lat' dir='ltr'>Pandit</span> <span class='ocrx_word' id='word_1_309' title='bbox 968 1877 1037 1908; x_wconf 87' lang='lat' dir='ltr'>viro</span> <span class='ocrx_word' id='word_1_310' title='bbox 1067 1876 1247 1909; x_wconf 84' lang='lat' dir='ltr'>venerando</span> 
     </span>
    </p>
   </div>
   <div class='ocr_carea' id='block_1_30' title="bbox 827 1923 1325 2058">
    <p class='ocr_par' dir='ltr' id='par_1_33' title="bbox 827 1923 1325 2058">
     <span class='ocr_line' id='line_1_72' title="bbox 873 1923 1279 1965; baseline -0.005 -9"><span class='ocrx_word' id='word_1_311' title='bbox 873 1923 981 1956; x_wconf 85' lang='lat' dir='ltr'>Mater</span> <span class='ocrx_word' id='word_1_312' title='bbox 1005 1932 1093 1955; x_wconf 89' lang='lat' dir='ltr'>suam</span> <span class='ocrx_word' id='word_1_313' title='bbox 1117 1923 1279 1965; x_wconf 86' lang='lat' dir='ltr'>visionem,</span> 
     </span>
     <span class='ocr_line' id='line_1_73' title="bbox 827 1970 1325 2005; baseline -0.006 -1"><span class='ocrx_word' id='word_1_314' title='bbox 827 1971 885 2005; x_wconf 86' lang='lat' dir='ltr'>Cui</span> <span class='ocrx_word' id='word_1_315' title='bbox 907 1972 958 2003; x_wconf 85' lang='lat' dir='ltr'>vir</span> <span class='ocrx_word' id='word_1_316' title='bbox 982 1973 1109 2003; x_wconf 90' lang='lat' dir='ltr'>sanctus</span> <span class='ocrx_word' id='word_1_317' title='bbox 1134 1970 1325 2002; x_wconf 85' lang='lat' dir='ltr'>consolando</span> 
     </span>
     <span class='ocr_line' id='line_1_74' title="bbox 874 2017 1268 2058; baseline -0.008 -7"><span class='ocrx_word' id='word_1_318' title='bbox 874 2018 941 2051; x_wconf 85' lang='lat' dir='ltr'>Dat</span> <span class='ocrx_word' id='word_1_319' title='bbox 964 2017 1268 2058; x_wconf 80' lang='lat' dir='ltr'>interpretationem.</span> 
     </span>
    </p>
   </div>
   <div class='ocr_carea' id='block_1_31' title="bbox 826 2074 1225 2114">
    <p class='ocr_par' dir='ltr' id='par_1_34' title="bbox 826 2074 1225 2114">
     <span class='ocr_line' id='line_1_75' title="bbox 826 2074 1225 2114; baseline -0.01 -6"><span class='ocrx_word' id='word_1_320' title='bbox 826 2076 885 2109; x_wconf 89' lang='lat' dir='ltr'>Pia</span> <span class='ocrx_word' id='word_1_321' title='bbox 908 2077 1010 2106; x_wconf 86' lang='lat' dir='ltr'>mater</span> <span class='ocrx_word' id='word_1_322' title='bbox 1036 2074 1225 2114; x_wconf 83' lang='lat' dir='ltr'>consolatur,</span> 
     </span>
    </p>
   </div>
   <div class='ocr_carea' id='block_1_32' title="bbox 812 2120 1316 2162">
    <p class='ocr_par' dir='ltr' id='par_1_35' title="bbox 812 2120 1316 2162">
     <span class='ocr_line' id='line_1_76' title="bbox 812 2120 1316 2162; baseline 0 -7"><span class='ocrx_word' id='word_1_323' title='bbox 812 2122 906 2155; x_wconf 53' lang='lat' dir='ltr'>‘Dum</span> <span class='ocrx_word' id='word_1_324' title='bbox 930 2130 1010 2162; x_wconf 87' lang='lat' dir='ltr'>puer</span> <span class='ocrx_word' id='word_1_325' title='bbox 1034 2120 1316 2160; x_wconf 82' lang='lat' dir='ltr'>praegnosticatur.</span> 
     </span>
    </p>
   </div>
   <div class='ocr_carea' id='block_1_33' title="bbox 823 2177 1235 2354">
    <p class='ocr_par' dir='ltr' id='par_1_36' title="bbox 823 2177 1208 2312">
     <span class='ocr_line' id='line_1_77' title="bbox 823 2177 1134 2212; baseline -0.01 -1"><span class='ocrx_word' id='word_1_326' title='bbox 823 2179 1003 2212; x_wconf 87' lang='lat' dir='ltr'>Literarum</span> <span class='ocrx_word' id='word_1_327' title='bbox 1029 2177 1134 2209; x_wconf 86' lang='lat' dir='ltr'>studio</span> 
     </span>
     <span class='ocr_line' id='line_1_78' title="bbox 873 2225 1151 2264; baseline -0.007 -6"><span class='ocrx_word' id='word_1_328' title='bbox 873 2225 1017 2259; x_wconf 84' lang='lat' dir='ltr'>Iuvenile</span> <span class='ocrx_word' id='word_1_329' title='bbox 1040 2227 1151 2264; x_wconf 89' lang='lat' dir='ltr'>pectus</span> 
     </span>
     <span class='ocr_line' id='line_1_79' title="bbox 827 2272 1208 2312; baseline -0.003 -6"><span class='ocrx_word' id='word_1_330' title='bbox 827 2274 947 2307; x_wconf 82' lang='lat' dir='ltr'>Mentis</span> <span class='ocrx_word' id='word_1_331' title='bbox 974 2281 1043 2305; x_wconf 86' lang='lat' dir='ltr'>cum</span> <span class='ocrx_word' id='word_1_332' title='bbox 1067 2272 1208 2312; x_wconf 89' lang='lat' dir='ltr'>tripudio</span> 
     </span>
    </p>

    <p class='ocr_par' dir='ltr' id='par_1_37' title="bbox 872 2320 1235 2354">
     <span class='ocr_line' id='line_1_80' title="bbox 872 2320 1235 2354; baseline -0.003 0"><span class='ocrx_word' id='word_1_333' title='bbox 872 2320 1020 2354; x_wconf 82' lang='lat' dir='ltr'>Armavit</span> <span class='ocrx_word' id='word_1_334' title='bbox 1043 2320 1235 2354; x_wconf 77' lang='lat' dir='ltr'>PraeiectuS.</span> 
     </span>
    </p>
   </div>
   <div class='ocr_carea' id='block_1_34' title="bbox 1173 2373 1209 2405">
    <p class='ocr_par' dir='ltr' id='par_1_38' title="bbox 1173 2373 1209 2405">
     <span class='ocr_line' id='line_1_81' title="bbox 1173 2373 1209 2405; baseline 0.056 -2"><span class='ocrx_word' id='word_1_335' title='bbox 1173 2373 1209 2405; x_wconf 84' lang='lat'>10</span> 
     </span>
    </p>
   </div>
  </div>
 </body>
</html>
