1655 2534
192 2315 223 2346 'CK

692 126 945 162 -226—

249 226 344 266 Quem
372 226 478 257 divina
502 224 621 256 sanctio

296 272 399 304 Movit
421 272 462 303 ad
488 280 643 310 ascensus,

251 319 396 351 Rationis
419 318 597 357 primitivos

252 366 298 399 Ut
322 365 368 396 sic
391 374 496 397 sacros
520 367 609 404 potet
632 363 734 400 rivos3

249 412 357 443 Novus
382 413 473 443 heres
498 410 597 443 veteri

300 456 391 489 Isaac
415 458 564 493 succedit,

252 505 359 537 Fortis
385 512 536 545 quaerens
561 502 640 541 fieri,

296 551 408 582 Fortes
433 550 518 581 cibos
543 549 618 580 edit.

250 606 346 638 Sacra
369 609 441 646 post
466 605 637 644 crepundia

298 654 381 684 Puer
403 652 471 684 Deo
495 655 603 691 gratus

251 699 374 731 Floruit
397 698 545 730 facundia

297 745 412 777 Literis
437 748 572 783 aptatus,

250 791 310 823 Sed
339 792 476 822 detraxit
500 792 641 822 theoriae

248 837 337 869 Dura
360 838 516 877 lippitudo
540 837 635 876 Liae;

246 884 341 916 Brevi
367 884 466 915 noctis
491 884 593 923 spatio

295 930 432 963 Caelitus
459 930 596 972 docetur,

249 977 336 1015 Quod
363 978 503 1008 docentis
528 977 632 1008 studio

294 1024 429 1055 Tardius
453 1023 595 1055 habetur.

311 1152 356 1183 1n
383 1155 412 1184 2.
439 1152 662 1184 Nocturno.

386 1235 506 1269 Antiphc
516 1242 570 1261 nae

248 1301 362 1333 Reuuit
389 1300 519 1332 conubia

294 1347 422 1380 Stabilis
447 1348 575 1386 athleta,

250 1394 366 1426 Sancta
389 1402 465 1425 vera
489 1393 599 1425 nuntia

295 1440 421 1480 Detegit
446 1444 567 1471 secreta

246 1486 291 1519 Et
317 1485 423 1517 futura
447 1486 591 1524 praescia

296 1533 370 1563 Veri
394 1532 430 1563 fit
452 1532 618 1570 propheta.

251 1588 352 1620 Heros
379 1589 466 1619 dives
490 1588 600 1619 merito

296 1634 407 1665 Vitans
431 1635 633 1673 voluptatem,

249 1679 448 1719 Stupefactus
473 1680 575 1711 subito

248 1727 371 1759 Didicit
399 1736 435 1757 ex
461 1727 568 1758 abdito

295 1773 413 1804 Causae
436 1773 595 1812 pietatem.

216 1855 223 1861 .
248 1829 349 1860 Huius
373 1829 551 1860 innocentia

294 1875 409 1914 Ioseph
434 1875 637 1915 adaequatur,

251 1920 313 1962 Qui
337 1922 514 1961 relinquens
539 1922 637 1960 pallia

248 1968 344 2008 Fugit
364 1969 402 2000 ab
428 1968 595 2009 Aegyptia,

293 2015 403 2046 Mente
425 2023 466 2045 ne
488 2015 624 2048 labatur.

217 2098 224 2104 .
248 2071 353 2103 Prolis
380 2070 535 2103 desiderio

296 2118 413 2156 Captus
437 2119 648 2157 vehementer,

248 2165 364 2196 Damni
388 2165 455 2195 sine
479 2165 556 2196 vitio

249 2212 329 2243 Bato
355 2211 551 2243 matrimonio

297 2257 404 2296 Gignit
428 2258 627 2290 excellenter.

251 2313 372 2347 Indolis
398 2314 530 2345 eximiae

296 2360 373 2392 Fert
397 2361 583 2400 Hugbaldus
607 2364 725 2400 natum,

924 220 983 258 Qui
1008 218 1154 251 caelestis
1176 217 1301 257 patriae

923 268 972 298 Ac
997 265 1122 297 futurae
1145 265 1265 305 gloriae

972 312 1064 353 Cepit
1086 312 1310 352 principatum.

864 371 895 403 6.
922 369 1115 402 Patriarchis
1139 367 1236 408 igitur

969 416 1084 447 Primis
1111 418 1321 454 comparatur,

922 462 1040 500 Quibus
1065 470 1136 493 sero
1161 461 1302 492 nascitur

923 509 1050 551 Foetus‚
1078 508 1130 547 qui
1157 507 1310 546 diligitur,

969 555 1073 586 Tener
1097 554 1284 585 ablactatur.

1057 637 1265 671 Responsoria.

866 704 895 736 1.
923 704 992 734 Vox
1019 702 1164 734 caelestis
1190 704 1311 742 gratiae

967 745 1133 793 Puer[um]
1161 750 1330 790 praesagit,

919 796 1093 835 Dragmate
1117 797 1268 828 scientiae

968 842 1056 880 Quod
1082 843 1128 873 nil
1153 842 1231 874 foris
1257 843 1331 882 agit,

916 890 1005 921 Artis
1030 890 1117 929 viget
1140 889 1330 928 magistralis

920 936 984 968 Ubi
1010 937 1056 967 vis
1082 939 1114 966 et
1137 936 1306 975 spiritalis3

851 982 889 1014 V.
916 982 1034 1014 Paulus
1058 983 1106 1013 sic
1132 983 1280 1014 caelestia

967 1029 1107 1067 Percipit
1134 1029 1251 1067 divina,

921 1075 1027 1106 David
1052 1075 1093 1106 ad
1119 1075 1240 1111 regalia

968 1122 1122 1161 Fungitur
1147 1121 1302 1154 doctrina.

863 1178 894 1208 2.
920 1178 967 1209 Th
972 1177 1107 1216 eoberga
1130 1177 1246 1208 nobilis

967 1223 1088 1262 sponso
1114 1224 1253 1263 viduata,

919 1269 1097 1303 Bersabeae
1121 1270 1232 1301 similis

967 1316 1063 1348 Sedet
1091 1317 1242 1355 desolata⁷

921 1363 1014 1395 Cuius
1036 1364 1077 1394 ad
1103 1364 1221 1394 solacia

967 1409 1069 1440 Natus
1094 1410 1243 1447 adolevit,

920 1456 1018 1494 Quem
1040 1465 1177 1496 superna
1202 1457 1305 1496 gratia

967 1502 1089 1541 Spiritu
1113 1503 1268 1545 replevit3

851 1550 887 1582 V.
918 1549 1089 1581 Trucidato
1118 1550 1191 1580 vitio

965 1596 1084 1627 Haeret
1107 1596 1267 1634 paradiso.

920 1643 1008 1674 Dans
1033 1642 1171 1673 lamenta
1195 1643 1281 1674 socio

967 1688 1070 1720 Corde
1094 1689 1239 1722 indiviso.

863 1746 894 1778 3.
922 1745 1059 1777 Caelitus
1083 1748 1116 1775 ut
1142 1747 1252 1777 Aaron

966 1792 1099 1823 Praesul
1125 1795 1174 1823 est
1199 1792 1327 1832 electus,

920 1839 968 1872 Ut
990 1843 1179 1878 propugnet,
1204 1839 1240 1870 in
1266 1839 1342 1871 Sion

968 1885 1074 1916 Plebis
1101 1885 1164 1917 dux
1190 1885 1330 1926 effectus,

921 1931 1039 1963 Similis
1064 1932 1147 1963 leoni
1170 1933 1279 1972 Iudae,

920 1978 1001 2010 Pelii
1028 1978 1186 2010 Gedeonis
1211 1980 1309 2018 udae;

852 2024 889 2056 V.
923 2024 1027 2056 Duros
1052 2024 1157 2056 verbis
1183 2027 1287 2064 arguit

971 2070 1077 2102 Novus
1101 2071 1279 2111 Heremias,

917 2117 1027 2149 Muros
1053 2117 1141 2149 urbis
1165 2120 1297 2150 exstruit

966 2164 1059 2196 Alter
1083 2164 1263 2198 Nehemias.

865 2222 896 2253 4.
924 2221 948 2253 O
974 2224 1153 2253 sanctorum
1180 2223 1339 2253 consulem

971 2268 1045 2299 Vita
1067 2265 1310 2312 Seraphi[num]‚

927 2315 1111 2348 Udalricum
1136 2316 1326 2356 praesulem,

970 2361 1029 2400 Qui
1054 2362 1127 2394 dum
1153 2363 1195 2394 ad
1222 2363 1363 2398 divinum
