1655 2534
165 198 303 237 Quorum
327 200 451 232 tumbas
476 201 597 241 requiei

213 245 317 278 Locus
341 247 394 278 hie
418 248 550 288 accepit.

133 329 140 336 .
167 301 276 334 Sancti
299 311 383 334 nunc
408 305 440 333 et
463 303 596 336 humiles

212 349 409 381 Benedicunt
433 349 545 392 Deum,

165 396 235 429 Iam
261 395 362 427 effecti
386 396 505 436 pariles

210 442 343 483 Angelis
369 452 428 483 per
452 452 532 478 eum.

131 524 138 532 .
165 499 203 531 In
229 498 385 531 cubilibus
409 501 570 532 exsultant

164 545 273 578 Sancti
292 546 357 577 suis
383 550 414 578 et
437 548 600 585 resultant,

213 592 469 632 Contemplantes
494 594 563 626 sine
587 594 665 625 velis

211 639 380 673 Dominum
407 640 446 673 de
470 640 575 672 caelis.

274 713 319 741 Ad
341 714 524 742 Benedictus.

125 797 132 804 .
162 769 263 802 Nobis
288 777 385 801 cornu
409 770 519 802 salutis

211 816 364 848 Dominus
389 816 441 848 hie
466 818 575 860 erexit,

616 105 871 141 -115—

900 202 945 234 In
971 204 1002 235 2.
1027 202 1250 242 Vesperis.

958 257 1004 284 Ad
1021 256 1204 293 Mag-nificat.

769 305 809 338 A.
840 305 865 337 Ο
890 303 986 345 beati,
1013 305 1067 344 qui
1092 306 1124 337 vi
1149 305 1329 337 caelestium

840 351 968 384 Vicistis
996 352 1154 384 saeculum

841 397 886 429 Et
910 398 956 429 sic
980 399 1014 430 in
1038 398 1147 431 mundi

886 445 989 477 stadio
1015 445 1198 478 cucurristis

840 491 930 530 Quod
954 492 997 523 ad
1019 493 1159 531 palmam
1186 493 1386 533 pervenistis,

840 539 864 571 O
890 547 964 570 vere
990 538 1108 571 Christi

889 583 1053 617 fortissimi
1077 586 1204 626 milites,

840 632 967 664 Proelio
993 635 1180 675 constantes,

844 680 868 712 Ο
893 680 995 711 sancti
1021 679 1103 711 cives
1128 680 1319 720 angelorum,

842 725 940 759 Vobis
963 726 1025 758 iam
1049 735 1169 758 merces
1193 727 1337 759 laborum

839 773 943 804 Datur
964 783 983 804 a
1007 781 1080 813 rege
1105 774 1280 813 caelorum3

840 819 925 859 Ergo
951 820 1165 860 supplicamus

163 862 232 906 Qui,
259 871 335 903 quos
359 863 412 895 via
434 861 498 895 iam
521 864 648 897 virtutis

210 910 405 942 Coelestibus
429 910 559 950 invexit,
837 912 996 951 Rogamus

163 956 336 989 Nobiscum
361 955 439 988 fecit
462 958 641 999 tumulatos,
838 958 1003 1002 Adimrari,

209 1004 375 1036 Miraculis
399 1004 507 1036 multis
839 1004 884 1036 Ut
906 1013 963 1035 nos
988 1004 1149 1037 vobiscum
1174 1006 1286 1038 laetari

162 1050 207 1083 Et
230 1050 328 1090 signis
353 1050 548 1083 sublimatos.
838 1051 1019 1083 Mereamur
1040 1052 1233 1091 perenniter.

187 1115 270 1142 Brev.
297 1124 350 1142 ms.
374 1115 611 1144 Emmeramense
631 1125 705 1145 sae&
728 1116 772 1145 15.
795 1117 866 1144 Ghn.
885 1116 1038 1144 Monaceu.
1061 1114 1161 1145 14600
1184 1117 1218 1144 A.
1240 1131 1278 1136 —-
1298 1117 1382 1145 Brev.

91 1162 145 1180 ms.
164 1152 401 1180 Emmeramense
421 1161 496 1180 saec.
518 1152 562 1181 15.
584 1154 655 1182 Clm.
676 1154 828 1182 Monacen.
851 1152 947 1181 14790
967 1155 999 1182 B.
1022 1168 1056 1173 —u
1077 1155 1112 1181 In
1134 1153 1158 1182 1.
1172 1155 1256 1182 Noct.
1278 1154 1296 1180 Α
1318 1154 1345 1189 2,
1368 1153 1384 1177 ⁵³

91 1190 238 1218 declarata
265 1191 301 1218 A.
325 1205 363 1209 —
384 1191 423 1218 In
443 1189 469 1217 2.
489 1192 589 1219 Noct.
611 1192 629 1218 Α
650 1190 676 1225 5,
699 1191 718 1219 4
736 1194 903 1227 Lorumque
921 1191 1039 1219 famulis
1058 1191 1093 1225 A,
1113 1207 1151 1212 —-
1172 1192 1189 1217 Β
1213 1191 1236 1227 1,
1258 1190 1275 1220 9
1295 1194 1387 1228 parti-

91 1229 171 1263 cipes
192 1236 256 1255 esse
275 1228 335 1255 AB.
355 1243 392 1247 —
412 1227 431 1254 R
452 1226 479 1262 3,
499 1226 518 1256 3
536 1230 649 1257 meritis
669 1231 775 1265 quibus
793 1229 828 1256 A.
848 1244 887 1248 —
906 1228 925 1254 R
946 1226 972 1263 3,
992 1228 1012 1257 4
1026 1229 1198 1258 verdorben.

840 866 901 896 Per
924 874 991 906 vos,
1015 875 1035 898 a
1059 866 1138 907 Deo,
1165 868 1240 907 cari,

513 1319 563 1352 42.
590 1320 625 1351 In
646 1320 734 1352 Festo
754 1320 967 1352 Patronorum.

609 1366 707 1408 Regni
730 1367 865 1399 Sueciae.

226 1426 273 1458 In
300 1426 330 1459 1.
358 1427 565 1467 VesperiS.
839 1427 1004 1459 Illustrata

303 1490 497 1526 Antiphonae.
884 1474 947 1505 iam
970 1474 1042 1504 luce
1067 1474 1185 1505 caelica

104 1538 134 1573 1.
160 1539 349 1577 Iucundare,
838 1520 930 1553 NOVa
952 1529 1055 1561 pange

204 1588 306 1617 mater
331 1586 473 1626 ecclesia,

160 1632 271 1665 Novae
295 1633 374 1664 lucis

207 1689 302 1719 agens
327 1680 502 1721 sollemnia,

162 1726 256 1759 Cuius
282 1729 354 1758 ortu

207 1774 414 1813 resplendens
440 1773 561 1816 Saenia,

160 1821 370 1853 Patronorum

210 1867 342 1900 decanta
366 1868 489 1908 gaudia.

125 1950 131 1956 .
158 1925 241 1957 Dum
266 1923 380 1957 festive

208 1980 301 2004 causa
321 1974 480 2014 recolitur,

157 2019 252 2053 Unde
277 2019 335 2051 tibi

203 2066 257 2099 lux
282 2067 346 2099 ista
369 2069 481 2109 oritur,

156 2115 267 2147 Honor
289 2115 369 2156 Deo,

204 2161 272 2193 laus
298 2163 415 2195 sanctis
439 2163 595 2206 redditur,

156 2208 348 2243 Immortalis

204 2256 271 2289 vita
294 2258 500 2297 promittitur.

100 2316 130 2347 3.
158 2314 243 2347 Gens
267 2314 424 2347 Sueonum

204 2363 360 2402 quondam
386 2363 532 2402 erratica,

884 1567 1026 1607 patronis
1053 1568 1185 1601 cantica.

805 1661 811 1667 .
837 1634 882 1665 Hi
906 1636 980 1666 sunt
1002 1636 1111 1673 patres

885 1683 917 1712 et
942 1680 1038 1712 duces
1062 1681 1193 1724 gratiae,

838 1728 921 1767 Quos
953 1727 1071 1759 direxit

884 1776 977 1815 pater
1002 1776 1197 1817 clementiae,

836 1822 884 1855 Ut
906 1822 972 1854 sint
994 1822 1055 1854 tibi

884 1878 995 1901 norma
1018 1870 1171 1902 iustitiae.

777 1948 784 1954 .
802 1949 809 1956 .
836 1925 1027 1958 Benedictus

882 1974 926 2005 sit
948 1975 1059 2014 pastor
1087 1973 1225 2017 inclitus,

836 2021 895 2060 Qui
923 2021 963 2052 de
986 2028 1082 2061 grege

883 2070 952 2100 toto
975 2067 1131 2099 sollicitus

837 2115 904 2147 Dat
926 2117 1071 2153 pastores

885 2162 994 2194 doctos
1020 2160 1181 2194 divinitae.

798 2246 804 2252 .
835 2217 988 2252 Fundans
1013 2216 1089 2249 Sion
1111 2218 1144 2249 in
1171 2218 1309 2259 saphiris

885 2267 1154 2305 Propugnansque
1179 2265 1356 2306 iaspidibus

836 2312 992 2345 Gloriosis
1017 2315 1109 2344 ornat
1131 2312 1210 2346 viris

884 2359 1039 2401 Christus,
1053 2368 1112 2399 pro
1130 2369 1165 2393 se
1178 2361 1386 2403 certantibus,

1177 2414 1217 2444 8*
