<?xml version="1.0" encoding="UTF-8"?>
<!DOCTYPE html PUBLIC "-//W3C//DTD XHTML 1.0 Transitional//EN"
    "http://www.w3.org/TR/xhtml1/DTD/xhtml1-transitional.dtd">
<html xmlns="http://www.w3.org/1999/xhtml" xml:lang="en" lang="en">
 <head>
  <title>
</title>
<meta http-equiv="Content-Type" content="text/html;charset=utf-8" />
  <meta name='ocr-system' content='tesseract 3.04.00' />
  <meta name='ocr-capabilities' content='ocr_page ocr_carea ocr_par ocr_line ocrx_word'/>
</head>
<body>
  <div class='ocr_page' id='page_1' title='image "./analectahymnica28drevuoft_00226.png"; bbox 0 0 1655 2534; ppageno 0'>
   <div class='ocr_carea' id='block_1_1' title="bbox 668 92 921 127">
    <p class='ocr_par' dir='ltr' id='par_1_1' title="bbox 668 92 921 127">
     <span class='ocr_line' id='line_1_1' title="bbox 668 92 921 127; baseline 0 0"><span class='ocrx_word' id='word_1_1' title='bbox 668 92 921 127; x_wconf 80' lang='lat'>-223—</span> 
     </span>
    </p>
   </div>
   <div class='ocr_carea' id='block_1_2' title="bbox 211 187 693 275">
    <p class='ocr_par' dir='ltr' id='par_1_2' title="bbox 211 187 693 275">
     <span class='ocr_line' id='line_1_2' title="bbox 211 187 693 229; baseline 0.002 -9"><span class='ocrx_word' id='word_1_2' title='bbox 211 187 262 220; x_wconf 87' lang='lat' dir='ltr'>De</span> <span class='ocrx_word' id='word_1_3' title='bbox 287 188 371 220; x_wconf 83' lang='lat' dir='ltr'>valle</span> <span class='ocrx_word' id='word_1_4' title='bbox 393 190 530 220; x_wconf 82' lang='lat' dir='ltr'>montem</span> <span class='ocrx_word' id='word_1_5' title='bbox 556 188 693 229; x_wconf 82' lang='lat' dir='ltr'>Domini,</span> 
     </span>
     <span class='ocr_line' id='line_1_3' title="bbox 211 236 674 275; baseline 0.002 -8"><span class='ocrx_word' id='word_1_6' title='bbox 211 236 310 275; x_wconf 79' lang='lat' dir='ltr'>Quam</span> <span class='ocrx_word' id='word_1_7' title='bbox 335 244 391 267; x_wconf 89' lang='lat' dir='ltr'>suo</span> <span class='ocrx_word' id='word_1_8' title='bbox 417 238 523 267; x_wconf 85' lang='lat' dir='ltr'>sacrat</span> <span class='ocrx_word' id='word_1_9' title='bbox 546 236 674 269; x_wconf 90' lang='lat' dir='ltr'>nomini.</span> 
     </span>
    </p>
   </div>
   <div class='ocr_carea' id='block_1_3' title="bbox 179 300 714 486">
    <p class='ocr_par' dir='ltr' id='par_1_3' title="bbox 179 300 714 486">
     <span class='ocr_line' id='line_1_4' title="bbox 179 300 661 334; baseline -0.002 0"><span class='ocrx_word' id='word_1_10' title='bbox 179 326 186 334; x_wconf 91' lang='lat'><em>.</em></span> <span class='ocrx_word' id='word_1_11' title='bbox 212 302 407 334; x_wconf 86' lang='lat' dir='ltr'>Praeventus</span> <span class='ocrx_word' id='word_1_12' title='bbox 432 301 466 332; x_wconf 90' lang='lat' dir='ltr'>in</span> <span class='ocrx_word' id='word_1_13' title='bbox 492 300 661 333; x_wconf 82' lang='lat' dir='ltr'>dulcedine</span> 
     </span>
     <span class='ocr_line' id='line_1_5' title="bbox 213 348 692 389; baseline 0 -9"><span class='ocrx_word' id='word_1_14' title='bbox 213 348 286 380; x_wconf 84' lang='lat' dir='ltr'>Non</span> <span class='ocrx_word' id='word_1_15' title='bbox 310 349 415 379; x_wconf 87' lang='lat' dir='ltr'>laesus</span> <span class='ocrx_word' id='word_1_16' title='bbox 441 350 490 379; x_wconf 86' lang='lat' dir='ltr'>est</span> <span class='ocrx_word' id='word_1_17' title='bbox 513 349 692 389; x_wconf 73' lang='lat' dir='ltr'>putredine,</span> 
     </span>
     <span class='ocr_line' id='line_1_6' title="bbox 213 395 714 435; baseline -0.002 -7"><span class='ocrx_word' id='word_1_18' title='bbox 213 396 258 428; x_wconf 81' lang='lat' dir='ltr'>Et-</span> <span class='ocrx_word' id='word_1_19' title='bbox 283 395 357 427; x_wconf 91' lang='lat' dir='ltr'>dum</span> <span class='ocrx_word' id='word_1_20' title='bbox 382 395 446 426; x_wconf 88' lang='lat' dir='ltr'>iam</span> <span class='ocrx_word' id='word_1_21' title='bbox 470 395 578 435; x_wconf 89' lang='lat' dir='ltr'>plures</span> <span class='ocrx_word' id='word_1_22' title='bbox 604 395 714 427; x_wconf 86' lang='lat' dir='ltr'>habuit</span> 
     </span>
     <span class='ocr_line' id='line_1_7' title="bbox 213 442 659 486; baseline 0 -11"><span class='ocrx_word' id='word_1_23' title='bbox 213 442 329 475; x_wconf 84' lang='lat' dir='ltr'>Mortis</span> <span class='ocrx_word' id='word_1_24' title='bbox 356 442 434 486; x_wconf 78' lang='lat' dir='ltr'>dies,</span> <span class='ocrx_word' id='word_1_25' title='bbox 461 451 523 474; x_wconf 89' lang='lat' dir='ltr'>non</span> <span class='ocrx_word' id='word_1_26' title='bbox 548 442 659 475; x_wconf 87' lang='lat' dir='ltr'>tabuit.</span> 
     </span>
    </p>
   </div>
   <div class='ocr_carea' id='block_1_4' title="bbox 181 508 655 691">
    <p class='ocr_par' dir='ltr' id='par_1_4' title="bbox 181 508 655 691">
     <span class='ocr_line' id='line_1_8' title="bbox 181 508 655 548; baseline -0.008 -5"><span class='ocrx_word' id='word_1_27' title='bbox 181 536 188 543; x_wconf 96' lang='lat'>.</span> <span class='ocrx_word' id='word_1_28' title='bbox 214 509 317 541; x_wconf 89' lang='lat' dir='ltr'>Deum</span> <span class='ocrx_word' id='word_1_29' title='bbox 342 508 376 540; x_wconf 91' lang='lat' dir='ltr'>in</span> <span class='ocrx_word' id='word_1_30' title='bbox 402 508 486 540; x_wconf 90' lang='lat' dir='ltr'>omni</span> <span class='ocrx_word' id='word_1_31' title='bbox 512 511 655 548; x_wconf 83' lang='lat' dir='ltr'>tempore</span> 
     </span>
     <span class='ocr_line' id='line_1_9' title="bbox 215 554 599 588; baseline -0.003 -1"><span class='ocrx_word' id='word_1_32' title='bbox 215 556 414 588; x_wconf 89' lang='lat' dir='ltr'>Benedicens</span> <span class='ocrx_word' id='word_1_33' title='bbox 444 565 463 587; x_wconf 84' lang='lat' dir='ltr'>a</span> <span class='ocrx_word' id='word_1_34' title='bbox 487 554 599 587; x_wconf 84' lang='lat' dir='ltr'>funere</span> 
     </span>
     <span class='ocr_line' id='line_1_10' title="bbox 216 602 625 635; baseline -0.005 0"><span class='ocrx_word' id='word_1_35' title='bbox 216 604 279 635; x_wconf 85' lang='lat' dir='ltr'>Tot</span> <span class='ocrx_word' id='word_1_36' title='bbox 302 603 393 634; x_wconf 90' lang='lat' dir='ltr'>annis</span> <span class='ocrx_word' id='word_1_37' title='bbox 418 602 493 634; x_wconf 84' lang='lat' dir='ltr'>tabo</span> <span class='ocrx_word' id='word_1_38' title='bbox 518 604 625 634; x_wconf 82' lang='lat' dir='ltr'>vacuit</span> 
     </span>
     <span class='ocr_line' id='line_1_11' title="bbox 214 650 585 691; baseline 0.003 -9"><span class='ocrx_word' id='word_1_39' title='bbox 214 651 259 683; x_wconf 85' lang='lat' dir='ltr'>Et</span> <span class='ocrx_word' id='word_1_40' title='bbox 282 650 406 690; x_wconf 80' lang='lat' dir='ltr'>integer</span> <span class='ocrx_word' id='word_1_41' title='bbox 428 650 585 691; x_wconf 84' lang='lat' dir='ltr'>apparuit.</span> 
     </span>
    </p>
   </div>
   <div class='ocr_carea' id='block_1_5' title="bbox 182 715 720 897">
    <p class='ocr_par' dir='ltr' id='par_1_5' title="bbox 182 715 528 748">
     <span class='ocr_line' id='line_1_12' title="bbox 182 715 528 748; baseline -0.006 0"><span class='ocrx_word' id='word_1_42' title='bbox 182 741 189 748; x_wconf 93' lang='lat'>.</span> <span class='ocrx_word' id='word_1_43' title='bbox 214 717 244 748; x_wconf 94' lang='lat' dir='ltr'>A</span> <span class='ocrx_word' id='word_1_44' title='bbox 269 716 384 748; x_wconf 87' lang='lat' dir='ltr'>timore</span> <span class='ocrx_word' id='word_1_45' title='bbox 408 715 528 747; x_wconf 83' lang='lat' dir='ltr'>inimici</span> 
     </span>
    </p>

    <p class='ocr_par' dir='ltr' id='par_1_6' title="bbox 215 763 720 897">
     <span class='ocr_line' id='line_1_13' title="bbox 219 763 720 802; baseline -0.004 -7"><span class='ocrx_word' id='word_1_46' title='bbox 219 763 339 795; x_wconf 82' lang='lat' dir='ltr'>Factus</span> <span class='ocrx_word' id='word_1_47' title='bbox 363 765 486 801; x_wconf 81' lang='lat' dir='ltr'><strong>martyr</strong></span> <span class='ocrx_word' id='word_1_48' title='bbox 511 764 558 793; x_wconf 86' lang='lat' dir='ltr'>est</span> <span class='ocrx_word' id='word_1_49' title='bbox 583 765 720 802; x_wconf 87' lang='lat' dir='ltr'>ereptus,</span> 
     </span>
     <span class='ocr_line' id='line_1_14' title="bbox 218 807 585 842; baseline -0.005 -1"><span class='ocrx_word' id='word_1_50' title='bbox 218 810 300 842; x_wconf 90' lang='lat' dir='ltr'>Dum</span> <span class='ocrx_word' id='word_1_51' title='bbox 327 810 359 840; x_wconf 92' lang='lat' dir='ltr'>in</span> <span class='ocrx_word' id='word_1_52' title='bbox 387 809 473 841; x_wconf 82' lang='lat' dir='ltr'>exitu</span> <span class='ocrx_word' id='word_1_53' title='bbox 498 807 585 839; x_wconf 85' lang='lat' dir='ltr'>felici</span> 
     </span>
     <span class='ocr_line' id='line_1_15' title="bbox 215 855 710 897; baseline -0.002 -8"><span class='ocrx_word' id='word_1_54' title='bbox 215 857 360 897; x_wconf 85' lang='lat' dir='ltr'>Regnum</span> <span class='ocrx_word' id='word_1_55' title='bbox 388 855 468 887; x_wconf 85' lang='lat' dir='ltr'>caeli</span> <span class='ocrx_word' id='word_1_56' title='bbox 493 858 542 886; x_wconf 93' lang='lat' dir='ltr'>est</span> <span class='ocrx_word' id='word_1_57' title='bbox 566 855 710 895; x_wconf 84' lang='lat' dir='ltr'>adeptus.</span> 
     </span>
    </p>
   </div>
   <div class='ocr_carea' id='block_1_6' title="bbox 182 921 648 1055">
    <p class='ocr_par' dir='ltr' id='par_1_7' title="bbox 182 921 648 1055">
     <span class='ocr_line' id='line_1_16' title="bbox 182 921 621 961; baseline -0.011 -4"><span class='ocrx_word' id='word_1_58' title='bbox 182 949 189 956; x_wconf 93' lang='lat'><em>.</em></span> <span class='ocrx_word' id='word_1_59' title='bbox 216 922 437 961; x_wconf 87' lang='lat' dir='ltr'>Multiplicans</span> <span class='ocrx_word' id='word_1_60' title='bbox 463 921 621 961; x_wconf 83' lang='lat' dir='ltr'>genimina</span> 
     </span>
     <span class='ocr_line' id='line_1_17' title="bbox 219 968 621 1001; baseline -0.002 0"><span class='ocrx_word' id='word_1_61' title='bbox 219 970 379 1001; x_wconf 77' lang='lat' dir='ltr'>Virtutum</span> <span class='ocrx_word' id='word_1_62' title='bbox 406 968 486 1000; x_wconf 88' lang='lat' dir='ltr'>caeli</span> <span class='ocrx_word' id='word_1_63' title='bbox 509 968 621 1000; x_wconf 87' lang='lat' dir='ltr'>limina</span> 
     </span>
     <span class='ocr_line' id='line_1_18' title="bbox 219 1015 648 1055; baseline -0.005 -6"><span class='ocrx_word' id='word_1_64' title='bbox 219 1016 339 1050; x_wconf 87' lang='lat' dir='ltr'>Petivit</span> <span class='ocrx_word' id='word_1_65' title='bbox 363 1017 447 1047; x_wconf 86' lang='lat' dir='ltr'>laete</span> <span class='ocrx_word' id='word_1_66' title='bbox 468 1015 648 1055; x_wconf 82' lang='lat' dir='ltr'>germinans</span> 
     </span>
    </p>
   </div>
   <div class='ocr_carea' id='block_1_7' title="bbox 217 1062 768 1102">
    <p class='ocr_par' dir='ltr' id='par_1_8' title="bbox 217 1062 768 1102">
     <span class='ocr_line' id='line_1_19' title="bbox 217 1062 768 1102; baseline -0.004 -6"><span class='ocrx_word' id='word_1_67' title='bbox 217 1064 262 1096; x_wconf 88' lang='lat' dir='ltr'>Et</span> <span class='ocrx_word' id='word_1_68' title='bbox 295 1064 398 1096; x_wconf 89' lang='lat' dir='ltr'>victor</span> <span class='ocrx_word' id='word_1_69' title='bbox 422 1071 559 1102; x_wconf 79' lang='lat' dir='ltr'>pugnam</span> <span class='ocrx_word' id='word_1_70' title='bbox 585 1062 768 1094; x_wconf 82' lang='lat' dir='ltr'>terminans.</span> 
     </span>
    </p>
   </div>
   <div class='ocr_carea' id='block_1_8' title="bbox 186 1127 737 1311">
    <p class='ocr_par' dir='ltr' id='par_1_9' title="bbox 186 1127 737 1311">
     <span class='ocr_line' id='line_1_20' title="bbox 186 1127 610 1163; baseline -0.012 1"><span class='ocrx_word' id='word_1_71' title='bbox 186 1155 192 1163; x_wconf 89' lang='lat'>.</span> <span class='ocrx_word' id='word_1_72' title='bbox 219 1130 332 1163; x_wconf 87' lang='lat' dir='ltr'>Palma</span> <span class='ocrx_word' id='word_1_73' title='bbox 354 1127 470 1160; x_wconf 88' lang='lat' dir='ltr'>florere</span> <span class='ocrx_word' id='word_1_74' title='bbox 495 1128 610 1160; x_wconf 88' lang='lat' dir='ltr'>clarius</span> 
     </span>
     <span class='ocr_line' id='line_1_21' title="bbox 218 1176 674 1209; baseline -0.004 0"><span class='ocrx_word' id='word_1_75' title='bbox 218 1176 434 1209; x_wconf 86' lang='lat' dir='ltr'>Trudbertum</span> <span class='ocrx_word' id='word_1_76' title='bbox 461 1176 546 1207; x_wconf 85' lang='lat' dir='ltr'>caelo</span> <span class='ocrx_word' id='word_1_77' title='bbox 569 1176 674 1207; x_wconf 87' lang='lat' dir='ltr'>verius</span> 
     </span>
     <span class='ocr_line' id='line_1_22' title="bbox 220 1222 685 1262; baseline -0.006 -5"><span class='ocrx_word' id='word_1_78' title='bbox 220 1225 307 1257; x_wconf 89' lang='lat' dir='ltr'>Ordo</span> <span class='ocrx_word' id='word_1_79' title='bbox 333 1224 483 1256; x_wconf 82' lang='lat' dir='ltr'>virtutum</span> <span class='ocrx_word' id='word_1_80' title='bbox 508 1222 685 1262; x_wconf 76' lang='lat' dir='ltr'>praedicat,</span> 
     </span>
     <span class='ocr_line' id='line_1_23' title="bbox 218 1270 737 1311; baseline -0.004 -8"><span class='ocrx_word' id='word_1_81' title='bbox 218 1272 281 1303; x_wconf 86' lang='lat' dir='ltr'>Tot</span> <span class='ocrx_word' id='word_1_82' title='bbox 304 1270 465 1311; x_wconf 86' lang='lat' dir='ltr'>languidis</span> <span class='ocrx_word' id='word_1_83' title='bbox 491 1270 565 1302; x_wconf 89' lang='lat' dir='ltr'>dum</span> <span class='ocrx_word' id='word_1_84' title='bbox 589 1270 737 1303; x_wconf 88' lang='lat' dir='ltr'>medicat.</span> 
     </span>
    </p>
   </div>
   <div class='ocr_carea' id='block_1_9' title="bbox 359 1345 566 1381">
    <p class='ocr_par' dir='ltr' id='par_1_10' title="bbox 359 1345 566 1381">
     <span class='ocr_line' id='line_1_24' title="bbox 359 1345 566 1381; baseline -0.01 -8"><span class='ocrx_word' id='word_1_85' title='bbox 359 1345 566 1381; x_wconf 84' lang='lat' dir='ltr'>Responsoria.</span> 
     </span>
    </p>
   </div>
   <div class='ocr_carea' id='block_1_10' title="bbox 177 1401 676 1679">
    <p class='ocr_par' dir='ltr' id='par_1_11' title="bbox 187 1401 676 1585">
     <span class='ocr_line' id='line_1_25' title="bbox 187 1401 636 1444; baseline -0.009 -7"><span class='ocrx_word' id='word_1_86' title='bbox 187 1430 194 1437; x_wconf 94' lang='lat'>.</span> <span class='ocrx_word' id='word_1_87' title='bbox 223 1405 375 1444; x_wconf 88' lang='lat' dir='ltr'>Otpertus</span> <span class='ocrx_word' id='word_1_88' title='bbox 399 1403 461 1435; x_wconf 92' lang='lat' dir='ltr'>Dei</span> <span class='ocrx_word' id='word_1_89' title='bbox 486 1401 636 1434; x_wconf 84' lang='lat' dir='ltr'>famulum</span> 
     </span>
     <span class='ocr_line' id='line_1_26' title="bbox 219 1450 676 1490; baseline -0.004 -7"><span class='ocrx_word' id='word_1_90' title='bbox 219 1451 340 1483; x_wconf 88' lang='lat' dir='ltr'>Videns</span> <span class='ocrx_word' id='word_1_91' title='bbox 368 1451 401 1482; x_wconf 91' lang='lat' dir='ltr'>in</span> <span class='ocrx_word' id='word_1_92' title='bbox 426 1450 494 1481; x_wconf 91' lang='lat' dir='ltr'>Deo</span> <span class='ocrx_word' id='word_1_93' title='bbox 520 1450 676 1490; x_wconf 88' lang='lat' dir='ltr'>sedulum,</span> 
     </span>
     <span class='ocr_line' id='line_1_27' title="bbox 219 1497 640 1536; baseline -0.002 -5"><span class='ocrx_word' id='word_1_94' title='bbox 219 1498 281 1531; x_wconf 81' lang='lat' dir='ltr'>Sex</span> <span class='ocrx_word' id='word_1_95' title='bbox 307 1498 393 1531; x_wconf 87' lang='lat' dir='ltr'>viros</span> <span class='ocrx_word' id='word_1_96' title='bbox 420 1497 485 1528; x_wconf 88' lang='lat' dir='ltr'>eius</span> <span class='ocrx_word' id='word_1_97' title='bbox 510 1498 640 1536; x_wconf 81' lang='lat' dir='ltr'>propn&#39;o</span> 
     </span>
     <span class='ocr_line' id='line_1_28' title="bbox 219 1544 610 1585; baseline -0.008 -7"><span class='ocrx_word' id='word_1_98' title='bbox 219 1545 418 1585; x_wconf 84' lang='lat' dir='ltr'>Mancipavit</span> <span class='ocrx_word' id='word_1_99' title='bbox 442 1544 610 1583; x_wconf 71' lang='lat' dir='ltr'>obsequio,</span> 
     </span>
    </p>

    <p class='ocr_par' dir='ltr' id='par_1_12' title="bbox 177 1591 652 1679">
     <span class='ocr_line' id='line_1_29' title="bbox 177 1591 652 1627; baseline -0.006 0"><span class='ocrx_word' id='word_1_100' title='bbox 177 1619 185 1627; x_wconf 89' lang='lat'><strong><em>.</em></strong></span> <span class='ocrx_word' id='word_1_101' title='bbox 215 1594 281 1626; x_wconf 86' lang='lat' dir='ltr'>Dat</span> <span class='ocrx_word' id='word_1_102' title='bbox 307 1597 339 1624; x_wconf 90' lang='lat' dir='ltr'>et</span> <span class='ocrx_word' id='word_1_103' title='bbox 363 1592 478 1624; x_wconf 89' lang='lat' dir='ltr'>vallem</span> <span class='ocrx_word' id='word_1_104' title='bbox 505 1591 652 1624; x_wconf 90' lang='lat' dir='ltr'>continuo</span> 
     </span>
     <span class='ocr_line' id='line_1_30' title="bbox 218 1640 638 1679; baseline -0.007 -7"><span class='ocrx_word' id='word_1_105' title='bbox 218 1640 450 1673; x_wconf 84' lang='lat' dir='ltr'>Possidendam</span> <span class='ocrx_word' id='word_1_106' title='bbox 474 1641 638 1679; x_wconf 86' lang='lat' dir='ltr'>perpetuo.</span> 
     </span>
    </p>
   </div>
   <div class='ocr_carea' id='block_1_11' title="bbox 176 1705 723 1977">
    <p class='ocr_par' dir='ltr' id='par_1_13' title="bbox 183 1705 606 1740">
     <span class='ocr_line' id='line_1_31' title="bbox 183 1705 606 1740; baseline -0.009 0"><span class='ocrx_word' id='word_1_107' title='bbox 183 1733 190 1740; x_wconf 93' lang='lat'><strong><em>.</em></strong></span> <span class='ocrx_word' id='word_1_108' title='bbox 215 1706 432 1739; x_wconf 87' lang='lat' dir='ltr'>Protrahebat</span> <span class='ocrx_word' id='word_1_109' title='bbox 458 1705 606 1737; x_wconf 86' lang='lat' dir='ltr'>continua</span> 
     </span>
    </p>

    <p class='ocr_par' dir='ltr' id='par_1_14' title="bbox 214 1752 723 1891">
     <span class='ocr_line' id='line_1_32' title="bbox 216 1752 609 1794; baseline -0.01 -8"><span class='ocrx_word' id='word_1_110' title='bbox 216 1755 254 1786; x_wconf 88' lang='lat' dir='ltr'>In</span> <span class='ocrx_word' id='word_1_111' title='bbox 292 1761 458 1794; x_wconf 90' lang='lat' dir='ltr'>vesperum</span> <span class='ocrx_word' id='word_1_112' title='bbox 481 1752 609 1792; x_wconf 88' lang='lat' dir='ltr'>ieiunia,</span> 
     </span>
     <span class='ocr_line' id='line_1_33' title="bbox 214 1802 723 1845; baseline 0 -12"><span class='ocrx_word' id='word_1_113' title='bbox 214 1802 317 1845; x_wconf 86' lang='lat' dir='ltr'>Aqua,</span> <span class='ocrx_word' id='word_1_114' title='bbox 348 1808 432 1841; x_wconf 83' lang='lat' dir='ltr'>pane</span> <span class='ocrx_word' id='word_1_115' title='bbox 458 1803 533 1839; x_wconf 87' lang='lat' dir='ltr'>post</span> <span class='ocrx_word' id='word_1_116' title='bbox 557 1808 723 1841; x_wconf 87' lang='lat' dir='ltr'>vesperum</span> 
     </span>
     <span class='ocr_line' id='line_1_34' title="bbox 219 1847 664 1891; baseline -0.004 -9"><span class='ocrx_word' id='word_1_117' title='bbox 219 1849 343 1888; x_wconf 83' lang='lat' dir='ltr'>Corpus</span> <span class='ocrx_word' id='word_1_118' title='bbox 370 1847 478 1880; x_wconf 86' lang='lat' dir='ltr'>alebat</span> <span class='ocrx_word' id='word_1_119' title='bbox 501 1850 664 1891; x_wconf 87' lang='lat' dir='ltr'>tenerum;</span> 
     </span>
    </p>

    <p class='ocr_par' dir='ltr' id='par_1_15' title="bbox 176 1895 584 1977">
     <span class='ocr_line' id='line_1_35' title="bbox 176 1895 556 1936; baseline -0.008 -7"><span class='ocrx_word' id='word_1_120' title='bbox 176 1924 183 1931; x_wconf 92' lang='lat'><em>.</em></span> <span class='ocrx_word' id='word_1_121' title='bbox 214 1897 307 1930; x_wconf 82' lang='lat' dir='ltr'>Beati</span> <span class='ocrx_word' id='word_1_122' title='bbox 333 1896 387 1936; x_wconf 88' lang='lat' dir='ltr'>qui</span> <span class='ocrx_word' id='word_1_123' title='bbox 412 1895 556 1927; x_wconf 74' lang='lat' dir='ltr'>esuriunt</span> 
     </span>
     <span class='ocr_line' id='line_1_36' title="bbox 215 1943 584 1977; baseline -0.008 0"><span class='ocrx_word' id='word_1_124' title='bbox 215 1944 376 1977; x_wconf 84' lang='lat' dir='ltr'>Iustitiam</span> <span class='ocrx_word' id='word_1_125' title='bbox 407 1946 438 1975; x_wconf 85' lang='lat' dir='ltr'>et</span> <span class='ocrx_word' id='word_1_126' title='bbox 463 1943 584 1975; x_wconf 88' lang='lat' dir='ltr'>sitiunt.</span> 
     </span>
    </p>
   </div>
   <div class='ocr_carea' id='block_1_12' title="bbox 180 2010 722 2192">
    <p class='ocr_par' dir='ltr' id='par_1_16' title="bbox 180 2010 547 2044">
     <span class='ocr_line' id='line_1_37' title="bbox 180 2010 547 2044; baseline -0.003 -2"><span class='ocrx_word' id='word_1_127' title='bbox 180 2035 187 2042; x_wconf 93' lang='lat'><strong><em>.</em></strong></span> <span class='ocrx_word' id='word_1_128' title='bbox 215 2010 348 2044; x_wconf 87' lang='lat' dir='ltr'>Pietatis</span> <span class='ocrx_word' id='word_1_129' title='bbox 374 2012 547 2043; x_wconf 81' lang='lat' dir='ltr'>sectatores</span> 
     </span>
    </p>

    <p class='ocr_par' dir='ltr' id='par_1_17' title="bbox 214 2057 722 2192">
     <span class='ocr_line' id='line_1_38' title="bbox 214 2057 668 2098; baseline -0.004 -7"><span class='ocrx_word' id='word_1_130' title='bbox 214 2059 327 2091; x_wconf 84' lang='lat' dir='ltr'>Plures</span> <span class='ocrx_word' id='word_1_131' title='bbox 354 2058 473 2090; x_wconf 87' lang='lat' dir='ltr'>habent</span> <span class='ocrx_word' id='word_1_132' title='bbox 499 2057 668 2098; x_wconf 82' lang='lat' dir='ltr'>derisores,</span> 
     </span>
     <span class='ocr_line' id='line_1_39' title="bbox 215 2105 722 2138; baseline 0 -1"><span class='ocrx_word' id='word_1_133' title='bbox 215 2106 277 2138; x_wconf 89' lang='lat' dir='ltr'>Dei</span> <span class='ocrx_word' id='word_1_134' title='bbox 308 2106 411 2137; x_wconf 85' lang='lat' dir='ltr'>cultor</span> <span class='ocrx_word' id='word_1_135' title='bbox 435 2105 497 2137; x_wconf 91' lang='lat' dir='ltr'>hoc</span> <span class='ocrx_word' id='word_1_136' title='bbox 521 2105 722 2137; x_wconf 86' lang='lat' dir='ltr'>Trudbertus</span> 
     </span>
     <span class='ocr_line' id='line_1_40' title="bbox 215 2152 679 2192; baseline -0.004 -6"><span class='ocrx_word' id='word_1_137' title='bbox 215 2155 254 2186; x_wconf 86' lang='lat' dir='ltr'>In</span> <span class='ocrx_word' id='word_1_138' title='bbox 280 2152 408 2186; x_wconf 84' lang='lat' dir='ltr'>famulis</span> <span class='ocrx_word' id='word_1_139' title='bbox 435 2155 484 2185; x_wconf 88' lang='lat' dir='ltr'>est</span> <span class='ocrx_word' id='word_1_140' title='bbox 511 2157 679 2192; x_wconf 83' lang='lat' dir='ltr'>expertus;</span> 
     </span>
    </p>
   </div>
   <div class='ocr_carea' id='block_1_13' title="bbox 176 2200 643 2233">
    <p class='ocr_par' dir='ltr' id='par_1_18' title="bbox 176 2200 643 2233">
     <span class='ocr_line' id='line_1_41' title="bbox 176 2200 643 2233; baseline -0.004 0"><span class='ocrx_word' id='word_1_141' title='bbox 176 2227 181 2232; x_wconf 95' lang='lat'>.</span> <span class='ocrx_word' id='word_1_142' title='bbox 213 2201 431 2233; x_wconf 85' lang='lat' dir='ltr'>Dormientem</span> <span class='ocrx_word' id='word_1_143' title='bbox 457 2200 643 2232; x_wconf 87' lang='lat' dir='ltr'>occiderunt</span> 
     </span>
    </p>
   </div>
   <div class='ocr_carea' id='block_1_14' title="bbox 213 2247 661 2288">
    <p class='ocr_par' dir='ltr' id='par_1_19' title="bbox 213 2247 661 2288">
     <span class='ocr_line' id='line_1_42' title="bbox 213 2247 661 2288; baseline 0 -8"><span class='ocrx_word' id='word_1_144' title='bbox 213 2248 258 2280; x_wconf 87' lang='lat' dir='ltr'>Et</span> <span class='ocrx_word' id='word_1_145' title='bbox 280 2251 454 2288; x_wconf 83' lang='lat' dir='ltr'>martyrem</span> <span class='ocrx_word' id='word_1_146' title='bbox 482 2247 661 2281; x_wconf 83' lang='lat' dir='ltr'>effecerunt.</span> 
     </span>
    </p>
   </div>
   <div class='ocr_carea' id='block_1_15' title="bbox 182 2313 634 2403">
    <p class='ocr_par' dir='ltr' id='par_1_20' title="bbox 182 2313 634 2403">
     <span class='ocr_line' id='line_1_43' title="bbox 182 2313 626 2354; baseline -0.005 -7"><span class='ocrx_word' id='word_1_147' title='bbox 182 2340 190 2347; x_wconf 95' lang='lat'><strong>.</strong></span> <span class='ocrx_word' id='word_1_148' title='bbox 219 2315 275 2347; x_wconf 86' lang='lat' dir='ltr'>Vir</span> <span class='ocrx_word' id='word_1_149' title='bbox 298 2315 412 2354; x_wconf 87' lang='lat' dir='ltr'>plenus</span> <span class='ocrx_word' id='word_1_150' title='bbox 436 2313 626 2346; x_wconf 76' lang='lat' dir='ltr'>fortitudine</span> 
     </span>
     <span class='ocr_line' id='line_1_44' title="bbox 214 2362 634 2403; baseline -0.005 -7"><span class='ocrx_word' id='word_1_151' title='bbox 214 2362 299 2403; x_wconf 85' lang='lat' dir='ltr'>Agni</span> <span class='ocrx_word' id='word_1_152' title='bbox 321 2362 401 2396; x_wconf 85' lang='lat' dir='ltr'>lavit</span> <span class='ocrx_word' id='word_1_153' title='bbox 424 2362 457 2394; x_wconf 91' lang='lat' dir='ltr'>in</span> <span class='ocrx_word' id='word_1_154' title='bbox 481 2362 634 2403; x_wconf 79' lang='lat' dir='ltr'>sanguine</span> 
     </span>
    </p>
   </div>
   <div class='ocr_carea' id='block_1_16' title="bbox 826 186 1368 368">
    <p class='ocr_par' dir='ltr' id='par_1_21' title="bbox 891 186 1197 220">
     <span class='ocr_line' id='line_1_45' title="bbox 891 186 1197 220; baseline -0.007 0"><span class='ocrx_word' id='word_1_155' title='bbox 891 188 1011 220; x_wconf 83' lang='lat' dir='ltr'>Stolam</span> <span class='ocrx_word' id='word_1_156' title='bbox 1037 186 1197 219; x_wconf 78' lang='lat' dir='ltr'>beatitatis</span> 
     </span>
    </p>

    <p class='ocr_par' dir='ltr' id='par_1_22' title="bbox 826 233 1327 321">
     <span class='ocr_line' id='line_1_46' title="bbox 891 233 1327 275; baseline -0.007 -8"><span class='ocrx_word' id='word_1_157' title='bbox 891 234 1089 275; x_wconf 82' lang='lat' dir='ltr'>Ma1tyribus</span> <span class='ocrx_word' id='word_1_158' title='bbox 1115 243 1185 265; x_wconf 91' lang='lat' dir='ltr'>cum</span> <span class='ocrx_word' id='word_1_159' title='bbox 1209 233 1327 274; x_wconf 86' lang='lat' dir='ltr'>beatis;</span> 
     </span>
     <span class='ocr_line' id='line_1_47' title="bbox 826 281 1190 321; baseline 0 -9"><span class='ocrx_word' id='word_1_160' title='bbox 826 282 861 315; x_wconf 93' lang='lat' dir='ltr'>V.</span> <span class='ocrx_word' id='word_1_161' title='bbox 889 281 982 314; x_wconf 84' lang='lat' dir='ltr'>Beati</span> <span class='ocrx_word' id='word_1_162' title='bbox 1006 281 1072 313; x_wconf 85' lang='lat' dir='ltr'>eius</span> <span class='ocrx_word' id='word_1_163' title='bbox 1096 281 1190 321; x_wconf 89' lang='lat' dir='ltr'>oculi,</span> 
     </span>
    </p>

    <p class='ocr_par' dir='ltr' id='par_1_23' title="bbox 895 326 1368 368">
     <span class='ocr_line' id='line_1_48' title="bbox 895 326 1368 368; baseline -0.002 -7"><span class='ocrx_word' id='word_1_164' title='bbox 895 329 955 368; x_wconf 79' lang='lat' dir='ltr'>Qui</span> <span class='ocrx_word' id='word_1_165' title='bbox 979 328 1089 361; x_wconf 88' lang='lat' dir='ltr'>vident</span> <span class='ocrx_word' id='word_1_166' title='bbox 1112 336 1217 368; x_wconf 84' lang='lat' dir='ltr'>regem</span> <span class='ocrx_word' id='word_1_167' title='bbox 1242 326 1368 360; x_wconf 85' lang='lat' dir='ltr'>saeculi.</span> 
     </span>
    </p>
   </div>
   <div class='ocr_carea' id='block_1_17' title="bbox 950 470 1305 502">
    <p class='ocr_par' dir='ltr' id='par_1_24' title="bbox 950 470 1305 502">
     <span class='ocr_line' id='line_1_49' title="bbox 950 470 1305 502; baseline -0.003 0"><span class='ocrx_word' id='word_1_168' title='bbox 950 471 997 502; x_wconf 90' lang='lat' dir='ltr'>In</span> <span class='ocrx_word' id='word_1_169' title='bbox 1020 471 1051 502; x_wconf 84' lang='lat'>3.</span> <span class='ocrx_word' id='word_1_170' title='bbox 1076 470 1135 502; x_wconf 84' lang='lat' dir='ltr'>No</span> <span class='ocrx_word' id='word_1_171' title='bbox 1150 472 1305 502; x_wconf 90' lang='lat' dir='ltr'>cturn0.</span> 
     </span>
    </p>
   </div>
   <div class='ocr_carea' id='block_1_18' title="bbox 1036 553 1230 581">
    <p class='ocr_par' dir='ltr' id='par_1_25' title="bbox 1036 553 1230 581">
     <span class='ocr_line' id='line_1_50' title="bbox 1036 553 1230 581; baseline -0.01 0"><span class='ocrx_word' id='word_1_172' title='bbox 1036 553 1081 581; x_wconf 83' lang='lat' dir='ltr'>Ad</span> <span class='ocrx_word' id='word_1_173' title='bbox 1102 554 1230 581; x_wconf 83' lang='lat' dir='ltr'>Cantica.</span> 
     </span>
    </p>
   </div>
   <div class='ocr_carea' id='block_1_19' title="bbox 824 620 1383 801">
    <p class='ocr_par' dir='ltr' id='par_1_26' title="bbox 824 620 1383 801">
     <span class='ocr_line' id='line_1_51' title="bbox 824 620 1236 662; baseline -0.007 -8"><span class='ocrx_word' id='word_1_174' title='bbox 824 623 865 654; x_wconf 91' lang='lat' dir='ltr'>A.</span> <span class='ocrx_word' id='word_1_175' title='bbox 894 621 1022 661; x_wconf 81' lang='lat' dir='ltr'>Martyr</span> <span class='ocrx_word' id='word_1_176' title='bbox 1045 620 1236 662; x_wconf 87' lang='lat' dir='ltr'>Trudberte‚</span> 
     </span>
     <span class='ocr_line' id='line_1_52' title="bbox 944 667 1383 706; baseline -0.007 -6"><span class='ocrx_word' id='word_1_177' title='bbox 944 667 1061 700; x_wconf 84' lang='lat' dir='ltr'>Christi</span> <span class='ocrx_word' id='word_1_178' title='bbox 1086 667 1244 699; x_wconf 85' lang='lat' dir='ltr'>miseratio</span> <span class='ocrx_word' id='word_1_179' title='bbox 1269 675 1327 706; x_wconf 86' lang='lat' dir='ltr'>per</span> <span class='ocrx_word' id='word_1_180' title='bbox 1352 669 1383 697; x_wconf 87' lang='lat' dir='ltr'>te</span> 
     </span>
     <span class='ocr_line' id='line_1_53' title="bbox 895 714 1168 754; baseline 0 -8"><span class='ocrx_word' id='word_1_181' title='bbox 895 714 963 746; x_wconf 81' lang='lat' dir='ltr'>Nos</span> <span class='ocrx_word' id='word_1_182' title='bbox 988 723 1008 745; x_wconf 84' lang='lat' dir='ltr'>a</span> <span class='ocrx_word' id='word_1_183' title='bbox 1030 715 1168 754; x_wconf 87' lang='lat' dir='ltr'>peccatis</span> 
     </span>
     <span class='ocr_line' id='line_1_54' title="bbox 943 759 1374 801; baseline -0.002 -8"><span class='ocrx_word' id='word_1_184' title='bbox 943 761 1046 793; x_wconf 85' lang='lat' dir='ltr'>solvat</span> <span class='ocrx_word' id='word_1_185' title='bbox 1068 763 1238 801; x_wconf 79' lang='lat' dir='ltr'>iungatque</span> <span class='ocrx_word' id='word_1_186' title='bbox 1263 759 1374 792; x_wconf 90' lang='lat' dir='ltr'>beatis.</span> 
     </span>
    </p>
   </div>
   <div class='ocr_carea' id='block_1_20' title="bbox 1028 842 1235 881">
    <p class='ocr_par' dir='ltr' id='par_1_27' title="bbox 1028 842 1235 881">
     <span class='ocr_line' id='line_1_55' title="bbox 1028 842 1235 881; baseline -0.005 -9"><span class='ocrx_word' id='word_1_187' title='bbox 1028 842 1235 881; x_wconf 86' lang='lat' dir='ltr'>Responsoria.</span> 
     </span>
    </p>
   </div>
   <div class='ocr_carea' id='block_1_21' title="bbox 840 912 1283 954">
    <p class='ocr_par' dir='ltr' id='par_1_28' title="bbox 840 912 1283 954">
     <span class='ocr_line' id='line_1_56' title="bbox 840 912 1283 954; baseline -0.002 -10"><span class='ocrx_word' id='word_1_188' title='bbox 840 912 870 944; x_wconf 87' lang='lat'>1.</span> <span class='ocrx_word' id='word_1_189' title='bbox 897 912 1048 952; x_wconf 84' lang='lat' dir='ltr'>Agricola</span> <span class='ocrx_word' id='word_1_190' title='bbox 1071 912 1155 954; x_wconf 86' lang='lat' dir='ltr'>vitis,</span> <span class='ocrx_word' id='word_1_191' title='bbox 1181 914 1283 953; x_wconf 79' lang='lat' dir='ltr'>pater,</span> 
     </span>
    </p>
   </div>
   <div class='ocr_carea' id='block_1_22' title="bbox 896 958 1429 1092">
    <p class='ocr_par' dir='ltr' id='par_1_29' title="bbox 896 958 1429 1092">
     <span class='ocr_line' id='line_1_57' title="bbox 896 958 1357 1000; baseline -0.004 -9"><span class='ocrx_word' id='word_1_192' title='bbox 896 958 1041 991; x_wconf 88' lang='lat' dir='ltr'>Palmitis</span> <span class='ocrx_word' id='word_1_193' title='bbox 1068 961 1116 990; x_wconf 90' lang='lat' dir='ltr'>est</span> <span class='ocrx_word' id='word_1_194' title='bbox 1139 959 1212 991; x_wconf 88' lang='lat' dir='ltr'>vitis</span> <span class='ocrx_word' id='word_1_195' title='bbox 1236 961 1357 1000; x_wconf 78' lang='lat' dir='ltr'>mater3</span> 
     </span>
     <span class='ocr_line' id='line_1_58' title="bbox 896 1005 1371 1044; baseline -0.004 -6"><span class='ocrx_word' id='word_1_196' title='bbox 896 1007 980 1038; x_wconf 88' lang='lat' dir='ltr'>Vera</span> <span class='ocrx_word' id='word_1_197' title='bbox 1004 1005 1077 1037; x_wconf 88' lang='lat' dir='ltr'>vitis</span> <span class='ocrx_word' id='word_1_198' title='bbox 1102 1006 1190 1037; x_wconf 89' lang='lat' dir='ltr'>Iesus</span> <span class='ocrx_word' id='word_1_199' title='bbox 1217 1005 1371 1044; x_wconf 84' lang='lat' dir='ltr'>Christus,</span> 
     </span>
     <span class='ocr_line' id='line_1_59' title="bbox 897 1052 1429 1092; baseline -0.006 -7"><span class='ocrx_word' id='word_1_200' title='bbox 897 1053 1023 1085; x_wconf 85' lang='lat' dir='ltr'>Palmes</span> <span class='ocrx_word' id='word_1_201' title='bbox 1049 1053 1115 1084; x_wconf 85' lang='lat' dir='ltr'>eius</span> <span class='ocrx_word' id='word_1_202' title='bbox 1141 1055 1189 1084; x_wconf 90' lang='lat' dir='ltr'>est</span> <span class='ocrx_word' id='word_1_203' title='bbox 1210 1052 1429 1092; x_wconf 81' lang='lat' dir='ltr'>Trudbertus3</span> 
     </span>
    </p>
   </div>
   <div class='ocr_carea' id='block_1_23' title="bbox 829 1097 1445 1140">
    <p class='ocr_par' dir='ltr' id='par_1_30' title="bbox 829 1097 1445 1140">
     <span class='ocr_line' id='line_1_60' title="bbox 829 1097 1445 1140; baseline -0.005 -8"><span class='ocrx_word' id='word_1_204' title='bbox 829 1101 863 1134; x_wconf 88' lang='lat' dir='ltr'>V.</span> <span class='ocrx_word' id='word_1_205' title='bbox 894 1100 957 1132; x_wconf 85' lang='lat' dir='ltr'>Hic</span> <span class='ocrx_word' id='word_1_206' title='bbox 998 1101 1063 1139; x_wconf 84' lang='lat' dir='ltr'>est,</span> <span class='ocrx_word' id='word_1_207' title='bbox 1113 1100 1166 1140; x_wconf 87' lang='lat' dir='ltr'>qui</span> <span class='ocrx_word' id='word_1_208' title='bbox 1207 1098 1271 1131; x_wconf 83' lang='lat' dir='ltr'>fert</span> <span class='ocrx_word' id='word_1_209' title='bbox 1308 1097 1445 1130; x_wconf 83' lang='lat' dir='ltr'>fructum</span> 
     </span>
    </p>
   </div>
   <div class='ocr_carea' id='block_1_24' title="bbox 898 1146 1404 1227">
    <p class='ocr_par' dir='ltr' id='par_1_31' title="bbox 898 1146 1404 1227">
     <span class='ocr_line' id='line_1_61' title="bbox 1220 1146 1362 1187; baseline 0 -10"><span class='ocrx_word' id='word_1_210' title='bbox 1220 1146 1362 1187; x_wconf 80' lang='lat' dir='ltr'>multum,</span> 
     </span>
     <span class='ocr_line' id='line_1_62' title="bbox 898 1193 1404 1227; baseline 0 0"><span class='ocrx_word' id='word_1_211' title='bbox 898 1195 1013 1227; x_wconf 86' lang='lat' dir='ltr'>Preces</span> <span class='ocrx_word' id='word_1_212' title='bbox 1039 1193 1105 1225; x_wconf 90' lang='lat' dir='ltr'>eius</span> <span class='ocrx_word' id='word_1_213' title='bbox 1130 1194 1238 1226; x_wconf 86' lang='lat' dir='ltr'>valent</span> <span class='ocrx_word' id='word_1_214' title='bbox 1262 1193 1404 1227; x_wconf 84' lang='lat' dir='ltr'>multum.</span> 
     </span>
    </p>
   </div>
   <div class='ocr_carea' id='block_1_25' title="bbox 841 1250 1386 1290">
    <p class='ocr_par' dir='ltr' id='par_1_32' title="bbox 841 1250 1386 1290">
     <span class='ocr_line' id='line_1_63' title="bbox 841 1250 1386 1290; baseline -0.007 -7"><span class='ocrx_word' id='word_1_215' title='bbox 841 1253 872 1283; x_wconf 86' lang='lat'>2.</span> <span class='ocrx_word' id='word_1_216' title='bbox 900 1250 982 1283; x_wconf 83' lang='lat' dir='ltr'>Vitis</span> <span class='ocrx_word' id='word_1_217' title='bbox 1006 1250 1091 1282; x_wconf 87' lang='lat' dir='ltr'>vitae</span> <span class='ocrx_word' id='word_1_218' title='bbox 1115 1259 1205 1282; x_wconf 89' lang='lat' dir='ltr'>sacer</span> <span class='ocrx_word' id='word_1_219' title='bbox 1231 1250 1386 1290; x_wconf 85' lang='lat' dir='ltr'>Christus,</span> 
     </span>
    </p>
   </div>
   <div class='ocr_carea' id='block_1_26' title="bbox 898 1297 1422 1434">
    <p class='ocr_par' dir='ltr' id='par_1_33' title="bbox 898 1297 1422 1434">
     <span class='ocr_line' id='line_1_64' title="bbox 898 1297 1422 1336; baseline -0.006 -6"><span class='ocrx_word' id='word_1_220' title='bbox 898 1297 1023 1330; x_wconf 89' lang='lat' dir='ltr'>Palmes</span> <span class='ocrx_word' id='word_1_221' title='bbox 1049 1298 1115 1329; x_wconf 88' lang='lat' dir='ltr'>eius</span> <span class='ocrx_word' id='word_1_222' title='bbox 1141 1300 1190 1329; x_wconf 87' lang='lat' dir='ltr'>est</span> <span class='ocrx_word' id='word_1_223' title='bbox 1213 1297 1422 1336; x_wconf 72' lang='lat' dir='ltr'>Trudbertus,</span> 
     </span>
     <span class='ocr_line' id='line_1_65' title="bbox 899 1345 1398 1383; baseline -0.004 -6"><span class='ocrx_word' id='word_1_224' title='bbox 899 1346 962 1378; x_wconf 90' lang='lat' dir='ltr'>Per</span> <span class='ocrx_word' id='word_1_225' title='bbox 986 1345 1070 1376; x_wconf 89' lang='lat' dir='ltr'>hunc</span> <span class='ocrx_word' id='word_1_226' title='bbox 1093 1346 1127 1376; x_wconf 90' lang='lat' dir='ltr'>in</span> <span class='ocrx_word' id='word_1_227' title='bbox 1151 1347 1183 1376; x_wconf 86' lang='lat' dir='ltr'>te</span> <span class='ocrx_word' id='word_1_228' title='bbox 1207 1352 1398 1383; x_wconf 81' lang='lat' dir='ltr'>maneamUS,</span> 
     </span>
     <span class='ocr_line' id='line_1_66' title="bbox 901 1390 1343 1434; baseline -0.007 -9"><span class='ocrx_word' id='word_1_229' title='bbox 901 1392 996 1425; x_wconf 85' lang='lat' dir='ltr'>Cuius</span> <span class='ocrx_word' id='word_1_230' title='bbox 1022 1390 1105 1424; x_wconf 87' lang='lat' dir='ltr'>festa</span> <span class='ocrx_word' id='word_1_231' title='bbox 1131 1391 1343 1434; x_wconf 83' lang='lat' dir='ltr'>celebramus;</span> 
     </span>
    </p>
   </div>
   <div class='ocr_carea' id='block_1_27' title="bbox 829 1438 1361 1479">
    <p class='ocr_par' dir='ltr' id='par_1_34' title="bbox 829 1438 1361 1479">
     <span class='ocr_line' id='line_1_67' title="bbox 829 1438 1361 1479; baseline -0.004 -8"><span class='ocrx_word' id='word_1_232' title='bbox 829 1441 867 1473; x_wconf 90' lang='lat' dir='ltr'>V.</span> <span class='ocrx_word' id='word_1_233' title='bbox 896 1440 971 1479; x_wconf 86' lang='lat' dir='ltr'>Ipse</span> <span class='ocrx_word' id='word_1_234' title='bbox 996 1441 1119 1479; x_wconf 81' lang='lat' dir='ltr'>martyr</span> <span class='ocrx_word' id='word_1_235' title='bbox 1144 1441 1176 1470; x_wconf 89' lang='lat' dir='ltr'>et</span> <span class='ocrx_word' id='word_1_236' title='bbox 1200 1438 1361 1470; x_wconf 87' lang='lat' dir='ltr'>confessor</span> 
     </span>
    </p>
   </div>
   <div class='ocr_carea' id='block_1_28' title="bbox 900 1486 1375 1525">
    <p class='ocr_par' dir='ltr' id='par_1_35' title="bbox 900 1486 1375 1525">
     <span class='ocr_line' id='line_1_68' title="bbox 900 1486 1375 1525; baseline -0.004 -7"><span class='ocrx_word' id='word_1_237' title='bbox 900 1487 950 1520; x_wconf 85' lang='lat' dir='ltr'>Sit</span> <span class='ocrx_word' id='word_1_238' title='bbox 976 1495 1034 1525; x_wconf 86' lang='lat' dir='ltr'>pro</span> <span class='ocrx_word' id='word_1_239' title='bbox 1059 1486 1151 1518; x_wconf 88' lang='lat' dir='ltr'>nobis</span> <span class='ocrx_word' id='word_1_240' title='bbox 1175 1486 1375 1517; x_wconf 84' lang='lat' dir='ltr'>intercessor.</span> 
     </span>
    </p>
   </div>
   <div class='ocr_carea' id='block_1_29' title="bbox 840 1542 1147 1582">
    <p class='ocr_par' dir='ltr' id='par_1_36' title="bbox 840 1542 1147 1582">
     <span class='ocr_line' id='line_1_69' title="bbox 840 1542 1147 1582; baseline -0.013 -5"><span class='ocrx_word' id='word_1_241' title='bbox 840 1545 872 1577; x_wconf 86' lang='lat'>3.</span> <span class='ocrx_word' id='word_1_242' title='bbox 899 1542 944 1576; x_wconf 83' lang='lat' dir='ltr'>Ut</span> <span class='ocrx_word' id='word_1_243' title='bbox 968 1543 1040 1582; x_wconf 82' lang='lat' dir='ltr'>plus</span> <span class='ocrx_word' id='word_1_244' title='bbox 1065 1542 1147 1574; x_wconf 81' lang='lat' dir='ltr'>ferat</span> 
     </span>
    </p>
   </div>
   <div class='ocr_carea' id='block_1_30' title="bbox 898 1588 1305 1915">
    <p class='ocr_par' dir='ltr' id='par_1_37' title="bbox 898 1588 1305 1915">
     <span class='ocr_line' id='line_1_70' title="bbox 945 1588 1305 1630; baseline 0 -9"><span class='ocrx_word' id='word_1_245' title='bbox 945 1588 1082 1621; x_wconf 86' lang='lat' dir='ltr'>fructum</span> <span class='ocrx_word' id='word_1_246' title='bbox 1108 1589 1305 1630; x_wconf 73' lang='lat' dir='ltr'>christicola,</span> 
     </span>
     <span class='ocr_line' id='line_1_71' title="bbox 899 1638 1113 1678; baseline -0.009 -8"><span class='ocrx_word' id='word_1_247' title='bbox 899 1638 1018 1678; x_wconf 83' lang='lat' dir='ltr'>Purgat</span> <span class='ocrx_word' id='word_1_248' title='bbox 1043 1645 1113 1669; x_wconf 89' lang='lat' dir='ltr'>eum</span> 
     </span>
     <span class='ocr_line' id='line_1_72' title="bbox 946 1685 1220 1725; baseline 0.007 -10"><span class='ocrx_word' id='word_1_249' title='bbox 946 1688 1039 1725; x_wconf 86' lang='lat' dir='ltr'>pater</span> <span class='ocrx_word' id='word_1_250' title='bbox 1063 1685 1220 1725; x_wconf 82' lang='lat' dir='ltr'>agricola3</span> 
     </span>
     <span class='ocr_line' id='line_1_73' title="bbox 900 1732 1187 1773; baseline -0.003 -8"><span class='ocrx_word' id='word_1_251' title='bbox 900 1733 953 1765; x_wconf 88' lang='lat' dir='ltr'>Sic</span> <span class='ocrx_word' id='word_1_252' title='bbox 976 1732 1187 1773; x_wconf 84' lang='lat' dir='ltr'>Trudbertus,</span> 
     </span>
     <span class='ocr_line' id='line_1_74' title="bbox 947 1778 1237 1819; baseline 0.003 -8"><span class='ocrx_word' id='word_1_253' title='bbox 947 1778 1110 1812; x_wconf 80' lang='lat' dir='ltr'>confessor</span> <span class='ocrx_word' id='word_1_254' title='bbox 1134 1782 1237 1819; x_wconf 84' lang='lat' dir='ltr'>antea,</span> 
     </span>
     <span class='ocr_line' id='line_1_75' title="bbox 898 1828 1150 1859; baseline 0.004 -1"><span class='ocrx_word' id='word_1_255' title='bbox 898 1828 1051 1859; x_wconf 86' lang='lat' dir='ltr'>Fructum</span> <span class='ocrx_word' id='word_1_256' title='bbox 1075 1828 1150 1859; x_wconf 80' lang='lat' dir='ltr'>tulit-</span> 
     </span>
     <span class='ocr_line' id='line_1_76' title="bbox 945 1876 1251 1915; baseline 0 -9"><span class='ocrx_word' id='word_1_257' title='bbox 945 1876 1096 1914; x_wconf 86' lang='lat' dir='ltr'>martyris</span> <span class='ocrx_word' id='word_1_258' title='bbox 1122 1877 1251 1915; x_wconf 75' lang='lat' dir='ltr'>postea,</span> 
     </span>
    </p>
   </div>
   <div class='ocr_carea' id='block_1_31' title="bbox 830 1921 1061 1956">
    <p class='ocr_par' dir='ltr' id='par_1_38' title="bbox 830 1921 1061 1956">
     <span class='ocr_line' id='line_1_77' title="bbox 830 1921 1061 1956; baseline -0.009 -2"><span class='ocrx_word' id='word_1_259' title='bbox 830 1923 866 1956; x_wconf 93' lang='lat' dir='ltr'>V.</span> <span class='ocrx_word' id='word_1_260' title='bbox 898 1921 1061 1955; x_wconf 84' lang='lat' dir='ltr'>Confessio</span> 
     </span>
    </p>
   </div>
   <div class='ocr_carea' id='block_1_32' title="bbox 897 1969 1289 2097">
    <p class='ocr_par' dir='ltr' id='par_1_39' title="bbox 897 1969 1289 2097">
     <span class='ocr_line' id='line_1_78' title="bbox 947 1969 1265 2010; baseline 0 -9"><span class='ocrx_word' id='word_1_261' title='bbox 947 1969 1053 2002; x_wconf 87' lang='lat' dir='ltr'>ferens</span> <span class='ocrx_word' id='word_1_262' title='bbox 1077 1970 1265 2010; x_wconf 82' lang='lat' dir='ltr'>martyrium</span> 
     </span>
     <span class='ocr_line' id='line_1_79' title="bbox 897 2017 1083 2058; baseline -0.005 -8"><span class='ocrx_word' id='word_1_263' title='bbox 897 2017 1083 2058; x_wconf 86' lang='lat' dir='ltr'>Duplicavit</span> 
     </span>
     <span class='ocr_line' id='line_1_80' title="bbox 944 2064 1289 2097; baseline -0.003 -1"><span class='ocrx_word' id='word_1_264' title='bbox 944 2065 1098 2097; x_wconf 87' lang='lat' dir='ltr'>talentum</span> <span class='ocrx_word' id='word_1_265' title='bbox 1124 2064 1289 2096; x_wconf 90' lang='lat' dir='ltr'>creditum.</span> 
     </span>
    </p>
   </div>
   <div class='ocr_carea' id='block_1_33' title="bbox 838 2121 1365 2161">
    <p class='ocr_par' dir='ltr' id='par_1_40' title="bbox 838 2121 1365 2161">
     <span class='ocr_line' id='line_1_81' title="bbox 838 2121 1365 2161; baseline -0.009 -5"><span class='ocrx_word' id='word_1_266' title='bbox 838 2126 868 2156; x_wconf 80' lang='lat'>4.</span> <span class='ocrx_word' id='word_1_267' title='bbox 895 2122 1000 2154; x_wconf 85' lang='lat' dir='ltr'>Verae</span> <span class='ocrx_word' id='word_1_268' title='bbox 1024 2121 1098 2154; x_wconf 88' lang='lat' dir='ltr'>vitis</span> <span class='ocrx_word' id='word_1_269' title='bbox 1122 2122 1244 2161; x_wconf 84' lang='lat' dir='ltr'>palmes</span> <span class='ocrx_word' id='word_1_270' title='bbox 1269 2121 1365 2159; x_wconf 88' lang='lat' dir='ltr'>mitis,</span> 
     </span>
    </p>
   </div>
   <div class='ocr_carea' id='block_1_34' title="bbox 896 2168 1428 2303">
    <p class='ocr_par' dir='ltr' id='par_1_41' title="bbox 896 2168 1428 2303">
     <span class='ocr_line' id='line_1_82' title="bbox 898 2168 1427 2209; baseline -0.006 -7"><span class='ocrx_word' id='word_1_271' title='bbox 898 2170 923 2202; x_wconf 92' lang='lat' dir='ltr'>O</span> <span class='ocrx_word' id='word_1_272' title='bbox 949 2168 1130 2201; x_wconf 83' lang='lat' dir='ltr'>Trudberte</span> <span class='ocrx_word' id='word_1_273' title='bbox 1153 2171 1284 2209; x_wconf 85' lang='lat' dir='ltr'>martyr,</span> <span class='ocrx_word' id='word_1_274' title='bbox 1311 2176 1370 2208; x_wconf 87' lang='lat' dir='ltr'>per</span> <span class='ocrx_word' id='word_1_275' title='bbox 1395 2170 1427 2199; x_wconf 90' lang='lat' dir='ltr'>te</span> 
     </span>
     <span class='ocr_line' id='line_1_83' title="bbox 896 2215 1428 2253; baseline -0.004 -4"><span class='ocrx_word' id='word_1_276' title='bbox 896 2217 1022 2249; x_wconf 87' lang='lat' dir='ltr'>Palmes</span> <span class='ocrx_word' id='word_1_277' title='bbox 1047 2217 1154 2249; x_wconf 83' lang='lat' dir='ltr'>virens</span> <span class='ocrx_word' id='word_1_278' title='bbox 1180 2217 1223 2248; x_wconf 85' lang='lat' dir='ltr'>sit</span> <span class='ocrx_word' id='word_1_279' title='bbox 1248 2219 1280 2247; x_wconf 88' lang='lat' dir='ltr'>et</span> <span class='ocrx_word' id='word_1_280' title='bbox 1302 2215 1428 2253; x_wconf 87' lang='lat' dir='ltr'>florens,</span> 
     </span>
     <span class='ocr_line' id='line_1_84' title="bbox 898 2262 1405 2303; baseline -0.002 -7"><span class='ocrx_word' id='word_1_281' title='bbox 898 2264 946 2296; x_wconf 84' lang='lat' dir='ltr'>Sit</span> <span class='ocrx_word' id='word_1_282' title='bbox 971 2265 1099 2297; x_wconf 87' lang='lat' dir='ltr'>beatum</span> <span class='ocrx_word' id='word_1_283' title='bbox 1124 2263 1261 2296; x_wconf 88' lang='lat' dir='ltr'>fructum</span> <span class='ocrx_word' id='word_1_284' title='bbox 1287 2262 1405 2303; x_wconf 80' lang='lat' dir='ltr'>serene,</span> 
     </span>
    </p>
   </div>
   <div class='ocr_carea' id='block_1_35' title="bbox 825 2311 1342 2352">
    <p class='ocr_par' dir='ltr' id='par_1_42' title="bbox 825 2311 1342 2352">
     <span class='ocr_line' id='line_1_85' title="bbox 825 2311 1342 2352; baseline -0.006 -6"><span class='ocrx_word' id='word_1_285' title='bbox 825 2314 864 2347; x_wconf 92' lang='lat' dir='ltr'>V.</span> <span class='ocrx_word' id='word_1_286' title='bbox 895 2312 944 2346; x_wconf 87' lang='lat' dir='ltr'>Sit</span> <span class='ocrx_word' id='word_1_287' title='bbox 968 2312 1001 2342; x_wconf 90' lang='lat' dir='ltr'>in</span> <span class='ocrx_word' id='word_1_288' title='bbox 1024 2311 1090 2344; x_wconf 88' lang='lat' dir='ltr'>vite</span> <span class='ocrx_word' id='word_1_289' title='bbox 1109 2320 1186 2344; x_wconf 84' lang='lat' dir='ltr'>vera</span> <span class='ocrx_word' id='word_1_290' title='bbox 1202 2320 1342 2352; x_wconf 85' lang='lat' dir='ltr'>manens,</span> 
     </span>
    </p>
   </div>
   <div class='ocr_carea' id='block_1_36' title="bbox 898 2359 1450 2393">
    <p class='ocr_par' dir='ltr' id='par_1_43' title="bbox 898 2359 1450 2393">
     <span class='ocr_line' id='line_1_86' title="bbox 898 2359 1450 2393; baseline 0 -1"><span class='ocrx_word' id='word_1_291' title='bbox 898 2359 1045 2392; x_wconf 84' lang='lat' dir='ltr'>Summae</span> <span class='ocrx_word' id='word_1_292' title='bbox 1069 2360 1154 2393; x_wconf 87' lang='lat' dir='ltr'>vitae</span> <span class='ocrx_word' id='word_1_293' title='bbox 1180 2363 1305 2392; x_wconf 83' lang='lat' dir='ltr'>cantum</span> <span class='ocrx_word' id='word_1_294' title='bbox 1324 2368 1450 2392; x_wconf 79' lang='lat' dir='ltr'>canenS.</span> 
     </span>
    </p>
   </div>
  </div>
 </body>
</html>
