1655 2534
648 95 883 131 -41.-

131 193 165 224 2.
192 192 314 232 Corpus
339 192 442 223 sancti
465 194 570 224 terrae
595 192 698 234 datur,

190 239 320 271 Sursum
344 239 475 278 spiritus
499 239 623 270 levatur

186 286 231 317 Et
253 286 285 317 in
312 285 399 317 caelo
425 286 609 325 collocatur,

192 332 273 365 Inde
294 331 386 363 nobis
409 331 598 372 suffragatur

234 379 330 419 Apud
359 378 538 418 Christum3

118 426 155 460 V.
185 426 263 457 Eius
289 434 414 465 semper
437 426 479 456 sit
500 426 639 458 studium

189 472 292 504 Nobis
317 471 403 504 ferre
427 473 611 505 subsidium.

131 530 164 564 3,
190 529 216 561 O
241 527 387 568 pontifex

239 578 271 606 et
294 578 404 615 pastor
427 576 547 618 inclite,

193 623 243 656 Sis
268 621 376 662 opifex

242 669 335 701 huius
359 668 524 708 ecclesiae,

192 717 272 749 Esto
295 716 367 756 pius

240 763 328 802 pium
353 760 508 802 refugium

194 808 391 849 Suppliciter

239 859 272 887 te
293 855 519 897 postulantium

121 905 158 937 V.
188 904 233 936 Et
257 911 409 935 conserva

238 953 325 982 tuam
349 949 513 990 familiam,

192 998 238 1030 Ut
260 997 397 1037 repellas

240 1052 363 1075 omnem
389 1042 551 1076 malitiam.

283 1139 327 1170 In
354 1136 588 1168 Laudibus,

336 1210 530 1246 Antiphonae.

140 1273 170 1302 1.
199 1269 268 1301 Tua
292 1268 481 1305 testimonia,

245 1315 341 1347 Sacro
366 1315 462 1354 plena
485 1315 621 1352 numine,

195 1362 294 1394 Fiunt
318 1360 485 1393 credibilia

244 1408 369 1441 Sanctis
393 1408 467 1448 tuis,
492 1408 636 1439 Domine.

811 194 845 225 2.
871 192 1020 224 Serviunt
1043 191 1143 223 sancti
1167 191 1303 223 Domino

912 238 945 270 in
972 237 1075 270 cordis
1100 238 1222 270 laetitia

867 285 910 317 Et
934 284 1106 324 gaudentes
1130 284 1324 316 inducuntur

914 331 947 364 in
970 332 1070 372 ipsius
1093 331 1183 363 atria.

812 409 843 440 3.
870 406 955 438 sitiit
979 406 1021 438 ad
1043 405 1145 438 Deum

915 455 1095 484 sanctorum
1119 454 1234 492 anima,

870 500 963 532 Unde
987 500 1126 539 suscepti
1148 502 1222 531 sunt

916 546 956 580 ab
982 546 1047 578 eius
1074 546 1216 578 dextera.

812 623 845 654 4.
872 620 1059 653 Sacerdotes

918 671 951 699 et
974 668 1057 700 servi
1081 666 1209 699 Domini

869 714 1027 755 Hymnum
1054 714 1163 747 dicant

918 770 1018 800 lpsluS
1042 769 1170 794 nomml.

815 836 846 867 5.
872 836 911 867 In
935 838 1113 867 sanctorum
1139 835 1271 867 ecclesia

873 881 958 913 Laus
982 884 1109 913 resonet
1130 881 1165 913 in
1187 881 1296 922 gioria,

873 928 934 966 Qui
958 930 1087 960 cantant
1110 930 1184 960 ante
1208 927 1375 959 Dominum

872 975 1031 1014 Hymnum
1056 983 1169 1007 novum
1197 977 1229 1006 et
1256 975 1421 1007 canticum.

989 1086 1034 1114 Ad
1053 1084 1236 1113 Benedictus.

835 1198 843 1206 .
872 1172 986 1204 Erexit
1009 1171 1100 1203 nobis
1123 1170 1277 1203 Dominus

876 1218 980 1251 Cornu
1003 1218 1116 1250 salutis
1139 1217 1281 1257 caelitus,

874 1266 957 1297 Dum
981 1265 1158 1305 praesulem
1185 1265 1332 1297 eximium

875 1312 976 1344 Nobis
1003 1312 1158 1344 concessit
1180 1311 1329 1351 Marium,

877 1359 939 1391 Per
963 1358 1052 1390 cuius
1075 1358 1287 1399 patrocinium

878 1405 965 1437 Caeli
989 1404 1176 1437 scandamus
1199 1405 1322 1438 solium.

202 1475 286 1502 Brev.
306 1473 516 1501 Lausannense
535 1473 604 1508 imp.
619 1471 774 1500 Gebeunae
796 1468 876 1499 1503.
898 1485 935 1490 —
961 1470 1002 1497 In
1020 1470 1129 1497 Laud.
1150 1467 1173 1495 Α
1193 1468 1220 1504 4,
1241 1467 1259 1497 3
1273 1478 1316 1504 sq.
1336 1470 1429 1505 ipsius

128 1513 235 1540 dicant.

578 1602 621 1633 14.
651 1602 694 1633 De
714 1602 826 1633 sancta
844 1600 978 1632 Martha.

271 1683 315 1715 In
344 1683 374 1715 1.
397 1682 611 1723 Vesperis.

336 1756 530 1791 Antiphonae.

141 1817 172 1849 1.
198 1815 305 1847 Hodie
327 1823 384 1846 rex
408 1814 528 1853 gloriae

250 1861 421 1894 Coronavit
442 1861 615 1900 Martham,

165 1922 168 1925 ·
203 1910 291 1949 Quae
315 1917 370 1940 vas
395 1909 522 1948 plenum
548 1908 669 1949 gratiae

249 1956 354 1988 Vitam
381 1955 471 1988 duxit
494 1958 605 1990 artam.

141 2017 172 2048 2.
198 2013 283 2046 Dum
308 2023 328 2046 a
350 2011 554 2053 pontificibus

246 2060 415 2100 Templum
439 2062 654 2102 consecratur,

198 2109 291 2149 Aqua
316 2107 464 2140 Marthae
488 2107 637 2148 precibus

245 2155 283 2188 In
307 2155 414 2188 vinum
439 2157 589 2187 mutatur.

140 2216 171 2247 3.
197 2212 332 2245 Morbus
354 2211 540 2246 incurabilis

246 2259 345 2300 Regis
371 2259 567 2294 Chlodovaei

201 2307 330 2348 Probat,
357 2316 450 2348 quam
475 2305 632 2340 mirabilis

246 2355 357 2390 Virtus
379 2357 463 2388 esset
486 2354 526 2388 ei.

822 1682 853 1713 4.
880 1680 957 1712 Tuis
983 1679 1068 1719 apud
1092 1678 1261 1711 Dominum

927 1726 1085 1760 Ministris
1109 1727 1247 1765 implora

880 1774 1014 1806 Veniam
1037 1773 1265 1814 peccaminum,

927 1820 1067 1860 Martha,
1093 1821 1203 1853 mortis
1228 1820 1316 1853 hora.

823 1881 853 1913 5.
880 1877 931 1910 Da
954 1880 1008 1910 tuo
1034 1878 1200 1909 conventui

927 1924 1119 1957 Fraternum
1144 1933 1291 1965 amorem,

881 1973 928 2006 Ut
950 1972 1083 2005 laudent
1106 1972 1226 2003 assidui

930 2020 992 2052 Per
1014 2022 1047 2050 te
1071 2023 1255 2052 creatorem.

1006 2122 1051 2150 Ad
1072 2121 1250 2157 Magnifieat.

811 2209 852 2242 A.
877 2208 1019 2249 Martha,
1045 2208 1136 2241 nobis

929 2255 1061 2296 virginis
1086 2254 1196 2296 filium,

883 2304 980 2344 Quem
1004 2303 1131 2347 pavisti,

931 2350 1032 2384 redde
1056 2351 1229 2393 propitium
