1655 2534
597 56 854 93 —171-

136 151 303 185 Gloriosae
327 153 460 193 virginis
484 154 611 186 Mariae

134 199 340 232 Interventus
364 199 534 241 illuminat,

139 245 331 278 caelestium
357 246 509 279 virtutum

141 293 297 326 Custodia
320 293 461 332 roborat,

137 340 375 379 Prophetarum

137 386 297 418 Numerus
322 387 465 427 ampliat,

135 433 386 466 Victoriosorum

133 481 361 520 Apostolorum
388 484 420 512 et
443 483 617 522 martyrum

135 527 270 568 Sanguis
296 531 438 569 exornat,

136 574 235 613 Quam
262 577 294 606 et
315 574 487 607 inviolatae

138 620 354 654 confessionis
381 621 459 664 vita,

134 668 222 700 Pura
247 671 280 700 et
304 668 440 700 candida

132 714 245 747 Induit
268 715 444 755 virginitas„

63 761 103 794 V.
132 761 283 794 Floribus
309 764 438 793 sanctae

133 808 249 840 Matris
274 809 428 839 ecelesiae

135 855 205 887 Nec
230 863 321 887 rosae
346 855 461 886 desunt
481 863 540 885 nec
563 853 642 886 lilia.

222 949 268 980 In
294 948 526 981 Laudibus.

280 1021 475 1056 Antiphonae.

75 1080 108 1113 1.
133 1079 271 1111 Domum
294 1079 356 1111 Dei
380 1079 492 1110 merito

181 1127 283 1158 Decet
306 1126 496 1167 sanctitudo,

132 1174 227 1206 Cuius
254 1172 349 1205 cubat
371 1173 491 1213 gremio

178 1220 364 1253 Sanctorum
390 1219 572 1252 multitudO.

70 1278 102 1310 2.
129 1276 256 1309 Christo
280 1276 392 1308 laudes
412 1276 496 1308 atria

178 1324 242 1356 Sua
267 1322 467 1362 confitentur,

130 1370 317 1403 Sanctorum
342 1370 397 1401 ubi
422 1378 557 1409 corpora

176 1417 281 1457 Digne
306 1417 514 1449 continentur.

71 1476 104 1508 3.
129 1474 356 1506 Adhaeserunt
378 1473 514 1505 Domino

178 1520 310 1553 Saeculo
337 1523 526 1559 contempto,

130 1569 190 1608 Qui
214 1568 380 1608 quiescunt
404 1568 515 1599 sedulo

178 1615 243 1648 Sub
268 1615 330 1647 hoe
354 1615 542 1647 velamento.

766 154 798 186 4.
824 153 933 185 Sancti
958 152 1084 192 quidem
1111 153 1241 192 spiritus

872 199 916 232 Et
939 200 1063 231 animae
1087 202 1266 232 sanctorum

823 246 1022 279 Benedicunt
1045 247 1161 287 iugiter

867 294 985 333 Regem
1011 294 1217 327 saeculorum.

789 375 797 383 .
823 350 1022 382 Exultabunt
1046 351 1148 381 sancti

867 396 906 428 111
931 397 995 428 suis
1021 396 1188 438 cubilibus,

821 444 914 483 1uges
940 443 1051 475 laudes
1077 443 1140 476 Dei

870 490 1007 529 Quorum
1033 494 1107 522 sunt
1130 490 1162 522 in
1188 487 1345 524 faucibus.

940 573 986 601 Ad
1006 573 1189 601 Benedictus.

782 655 790 663 .
820 631 859 663 In
887 630 1055 662 sanctitate
1080 630 1215 662 Domino

865 677 934 710 Deo
958 677 1131 709 servientes

820 724 863 756 Et
885 725 996 756 horum
1021 722 1177 763 suffragiis

867 770 1050 803 Sanctorum
1076 771 1264 812 innitentes,

818 817 994 849 Exoremus
1018 818 1134 856 iugiter

817 864 882 896 Eos
908 865 940 894 et
963 863 1134 903 humiliter,

817 911 864 943 Ut
887 920 906 941 a
930 912 1066 941 terrenis
1093 911 1217 949 erigant

817 956 992 989 Affectibus
1019 958 1051 987 et
1076 956 1215 995 dirigant

864 1003 930 1035 Nos
954 1003 988 1034 in
1012 1003 1095 1035 viam
1119 1002 1218 1042 pacis.

881 1144 928 1176 In
956 1145 987 1175 2.
1014 1143 1235 1182 Vesperis.

938 1227 984 1254 Ad
1004 1226 1184 1264 Magnificat-

743 1287 784 1319 A.
820 1285 934 1318 Omnes
960 1285 1151 1316 exsultemus

862 1331 900 1364 In
923 1331 992 1364 Deo
1017 1331 1160 1370 salutari,

821 1379 881 1418 Qui
904 1381 953 1411 tot
977 1378 1029 1410 hic
1052 1378 1203 1410 habemus

862 1425 995 1458 Sanctos
1017 1426 1050 1456 in
1076 1425 1180 1465 altari,

819 1472 992 1512 Spei-antes
1016 1472 1099 1504 tueri

862 1520 924 1551 Per
947 1520 1060 1551 horum
1085 1518 1243 1559 suffragia,

815 1567 954 1606 Quorum
978 1566 1031 1599 hic
1054 1566 1165 1598 haberi

863 1614 993 1646 Constat
1016 1613 1205 1654 patrocinia.

132 1681 219 1708 Brev.
247 1680 447 1707 Aarhusiense
474 1679 545 1714 imp.
570 1678 734 1706 Aarhusiae
765 1675 847 1706 1519.
873 1678 909 1706 A.
934 1693 971 1698 —-
997 1680 1082 1707 Brcv.
1112 1679 1270 1707 Othinense
1300 1681 1369 1713 imp.

55 1719 193 1746 Lubecae
219 1715 301 1745 1497.
321 1718 354 1745 B.
374 1732 412 1736 ——
431 1717 456 1744 B
482 1717 535 1744 hat
560 1718 592 1743 in
617 1716 696 1744 allen
721 1716 783 1744 drei
801 1717 886 1744 Noct.
915 1716 1084 1753 prosaische
1104 1714 1152 1743 ΑΑ
1172 1717 1234 1744 und
1254 1714 1309 1743 BR.
1331 1731 1367 1737 —-

56 1756 97 1784 In
128 1754 151 1782 1.
178 1756 281 1791 Vesp.
309 1753 331 1781 Α
354 1753 382 1788 1,
403 1752 423 1782 4
449 1755 631 1782 Ottoniensis
659 1754 801 1782 ecclesiae
821 1755 855 1781 B.
882 1768 920 1773 -
940 1753 963 1781 Α
984 1754 1016 1790 5,
1039 1754 1056 1782 7
1083 1763 1126 1791 sq.
1151 1755 1249 1783 fehlen
1268 1755 1303 1781 A.
1331 1770 1361 1774 —

57 1793 112 1821 Ad.
125 1794 225 1830 Magn.
242 1792 273 1826 Α,
294 1792 311 1819 ’7
327 1792 502 1828 Oontingere
515 1792 548 1820 B.
568 1808 605 1812 —
618 1792 658 1820 In
679 1790 704 1819 1.
720 1793 820 1821 Noct.
835 1791 854 1818 Α
876 1791 903 1826 2,
923 1791 940 1820 2
954 1794 1175 1821 tabernaculum
1188 1802 1273 1821 suum
1286 1792 1321 1820 A.
1333 1808 1369 1813 ——

59 1830 80 1858 Β
111 1829 142 1865 2,
166 1830 180 1859 1
209 1830 233 1858 O
258 1832 341 1868 regia
367 1830 403 1857 A.
430 1845 467 1851 —
491 1831 532 1858 In
558 1828 584 1856 2.
606 1831 706 1859 Noct.
729 1827 750 1857 R
781 1828 812 1867 1,
832 1829 849 1858 5
871 1832 928 1865 Qui
953 1839 972 1858 a
995 1832 1195 1867 poenitentiae
1214 1831 1249 1859 A.
1268 1845 1307 1850 —-
1326 1831 1369 1858 ln

56 1869 172 1898 Laud.
191 1867 215 1895 Α
236 1868 262 1903 1,
284 1869 298 1897 1
319 1869 415 1896 Domo
435 1869 470 1896 Β,
491 1882 527 1888 -α
545 1868 592 1895 Ad
611 1868 719 1896 Bened.
740 1867 772 1904 A,
794 1867 812 1896 2
828 1869 893 1897 Deo
914 1869 988 1897 fehlt
1005 1870 1040 1897 B.

499 1969 545 2000 62.
575 1969 619 2000 De
641 1969 749 2001 sancto
769 1969 935 2002 Richardo.

196 2043 243 2074 In
270 2041 301 2075 1.
329 2041 547 2081 VesperiS.

279 2115 475 2152 Antiphonae.

71 2175 103 2208 1.
132 2173 217 2207 Almi
241 2173 353 2207 laudes
377 2172 578 2213 confessoris,

178 2221 335 2254 Richardi
359 2220 544 2261 beatissimi,

129 2268 321 2303 Resonemus
348 2268 468 2300 cunctis
494 2268 591 2307 horiS,

177 2315 288 2348 Mente
311 2315 381 2348 Deo
405 2316 554 2356 proximi.

756 2041 788 2073 2.
814 2040 919 2072 Tanta
943 2040 1034 2080 prole
1058 2038 1232 2071 fecundata

861 2087 956 2119 Felix
981 2087 1093 2127 gaude,
1122 2086 1248 2129 Anglia‚

815 2135 915 2173 Quam
939 2133 980 2166 ad
1007 2134 1090 2165 dona
1113 2133 1182 2165 Deo
1210 2133 1283 2165 data

867 2181 954 2213 Petri
980 2181 1109 2213 trahunt
1134 2181 1225 2213 retia.

761 2267 793 2300 3.
819 2266 844 2299 Ο
870 2266 1011 2298 solamen
1035 2266 1233 2307 miserorum,

861 2313 1023 2346 Richarde
1048 2314 1240 2355 beatissime,
