1655 2534
702 139 959 174 -134-

201 236 239 270 V.
270 236 389 275 Corpus
413 233 561 273 Aquilam
584 235 728 272 portatur

319 282 393 314 Cum
413 279 551 312 maximo
575 280 699 318 ingenio

271 329 316 361 Et
341 336 406 359 cum
432 327 526 358 laude
551 326 723 358 collocatur

315 376 403 408 Intus
428 374 460 405 in
486 372 687 405 Collemadio.

214 433 243 465 3.
271 432 334 464 Hic
358 434 405 463 est
428 431 540 463 Petrus
567 430 606 461 de
629 429 790 470 Murrone,

315 479 428 510 Petrus
456 477 495 508 de
518 479 610 516 petra
632 476 762 518 solidus,

266 524 384 564 Fortis,
408 526 519 565 potens
543 524 576 554 in
599 531 708 565 agone,

313 571 421 603 Eremi
447 571 547 601 cultor
570 568 722 608 fervidus,

267 618 339 649 Toti
361 617 477 648 mundo
502 615 605 647 famae
625 616 725 647 bonae

313 664 389 695 Fuit
413 664 491 695 odor
514 661 683 701 mirificus3

200 711 238 743 V.
266 711 324 742 Vir
347 710 505 749 angelicus
527 709 559 740 in
583 709 650 741 vita

313 756 522 788 Transcendit
546 756 629 786 vires
654 755 813 786 hominum

265 802 309 834 Et
332 801 490 841 perfectus
514 802 679 842 trapezita,

312 849 560 888 comprehensor
586 848 775 881 caelestium.

206 906 238 937 4.
266 904 484 936 Collaudemus
509 903 719 936 confessorem

314 952 440 983 Petrum
465 951 584 990 ingenti
608 951 732 990 gaudio,

267 997 362 1035 Quem
385 998 550 1028 clamemus
577 995 772 1028 defensorem

311 1043 348 1074 In
372 1046 479 1075 sancto
504 1043 678 1082 patrocinio

263 1089 307 1121 Et
330 1098 387 1128 per
410 1090 514 1129 ipsum
538 1092 711 1121 creatorem

313 1135 544 1175 Consequamur
566 1136 600 1166 in
624 1136 782 1174 praemio3

194 1182 230 1214 V.
264 1182 378 1213 Noster
403 1185 507 1213 coetus
530 1184 655 1220 promat
677 1182 787 1213 laudes

310 1229 372 1260 Pro
396 1228 496 1259 sancti
521 1228 610 1259 huius
634 1228 763 1265 meritis,

264 1275 323 1313 Qui
349 1275 466 1306 devicit
488 1274 597 1306 mundi
622 1273 751 1307 fraudes

309 1321 445 1360 Adeptis
470 1321 548 1352 caeli
573 1319 706 1360 gaudiis,

352 1442 395 1473 In
419 1441 648 1473 Laudibus.

403 1524 594 1559 Antiphonae.

206 1590 236 1622 1.
262 1590 300 1621 In
323 1590 383 1621 hac
406 1590 472 1622 vita
495 1592 621 1621 sanctus
644 1589 714 1629 iste,

310 1637 421 1668 Petrus
447 1635 614 1674 confessor,
641 1636 762 1667 exstitit

263 1682 443 1713 Familiaris
467 1682 625 1721 baptistae

309 1729 371 1760 Per
396 1729 582 1768 desertaque
605 1729 705 1768 petiit.

204 1786 235 1816 2.
260 1784 344 1816 Huic
367 1793 470 1824 saepe,
497 1785 568 1815 dum
593 1784 712 1826 orabat,

310 1831 496 1871 Apparebat
518 1831 551 1862 in
577 1831 698 1870 cellula,

263 1877 526 1916 Quemadmodum
551 1876 747 1909 confortabat

310 1924 395 1957 Data
417 1924 545 1956 vivendi
568 1923 713 1958 formula.

887 234 918 265 3.
943 233 1037 265 Hunc
1061 231 1254 272 evangelista
1279 230 1371 261 docet

990 282 1019 311 A
1044 288 1102 312 sua
1121 278 1267 319 pueritia,

943 326 988 359 Ut
1011 326 1159 365 vitando,
1186 333 1265 365 quae
1289 324 1344 356 hic
1367 325 1493 363 nocent,

989 373 1103 405 Sancta
1124 373 1211 405 vivat
1233 371 1399 404 munditia.

883 440 915 472 4.
940 439 1034 471 Stans
1058 439 1091 470 in
1116 438 1274 470 montibus
1296 437 1456 476 Magellae

987 486 1099 517 Totum
1124 494 1159 517 se
1181 485 1249 517 Deo
1276 485 1413 523 dedicat,

940 532 987 564 Ut
1011 532 1154 564 columba
1179 532 1247 563 sine
1271 530 1348 563 felle

989 579 1131 610 Terrena
1154 587 1297 618 quaeque
1319 577 1456 610 abdicat.

907 669 915 677 .
938 644 1002 676 Hic
1025 644 1166 676 oratione
1191 645 1301 675 sancta

984 691 1116 723 Hostem
1142 691 1260 722 devicit
1282 689 1441 731 perfidum

939 738 989 769 Ac
1014 738 1154 769 eiusdem
1176 737 1268 777 pedis
1290 738 1403 777 planta

988 784 1097 817 Calcat
1122 787 1154 815 et
1176 784 1260 816 hunc
1282 782 1462 825 igniferum.

1054 886 1101 913 Ad
1120 886 1304 913 Benedictus.

901 986 907 992 .
939 962 963 994 O
988 961 1149 993 confessor
1173 962 1318 1002 gloriose,

984 1009 1090 1049 Perre,
1115 1011 1244 1040 terrena
1266 1017 1427 1050 respuenS‚

937 1055 1052 1087 Obiens
1076 1055 1272 1098 miraculose,

985 1102 1073 1134 Caeli
1096 1102 1210 1141 gaudia
1231 1101 1408 1141 possidens,

937 1148 1000 1179 Illa
1024 1157 1093 1179 cum
1117 1148 1307 1180 victoriosae

983 1195 1109 1226 Vexillo
1134 1195 1235 1226 crucis
1261 1195 1381 1227 adiens.

1004 1334 1053 1366 In
1078 1336 1110 1366 2.
1137 1335 1352 1374 Vesperis.

1047 1436 1093 1463 Ad
1110 1435 1288 1472 Mag-nificat.

897 1532 904 1539 .
938 1504 963 1536 Ο
988 1503 1069 1534 mira
1092 1503 1192 1534 virtus

980 1550 1068 1582 Petri
1093 1548 1291 1593 confessoris,

935 1596 996 1636 Qui
1019 1598 1051 1627 et
1073 1596 1206 1627 amictus

979 1643 1050 1674 luce
1075 1643 1235 1686 creatoris,

933 1690 980 1722 Ut
1003 1689 1197 1730 ostendatur,

981 1736 1089 1776 quanti
1113 1736 1156 1767 sit
1177 1737 1306 1768 ardonis

934 1783 1028 1816 Caelo
1049 1785 1196 1824 portatur

980 1829 1086 1869 specie
1112 1829 1244 1870 fulgoris

933 1877 977 1909 Et
1000 1877 1046 1908 sic
1068 1877 1192 1909 locatur

980 1922 1194 1956 confessorum
1219 1925 1333 1958 choris,

266 2008 352 2034 Brev.
372 2015 425 2033 ms.
447 2006 678 2034 Caelestinorum
697 2016 770 2034 saec.
793 2005 837 2034 14.
878 2007 947 2034 Cod.
966 2007 1145 2034 Avenionen.
1167 2005 1221 2034 129
1243 2005 1291 2042 (72
1311 2007 1378 2045 bis).
1401 2009 1434 2037 A.
1448 2025 1487 2031 —

193 2046 277 2072 Brev.
306 2053 359 2071 ms.
388 2044 617 2071 Caelestinorum
645 2052 719 2072 saec.
747 2043 791 2072 14.
830 2044 899 2072 Cod.
920 2045 1061 2072 Mazarin.
1086 2042 1141 2071 361
1167 2042 1252 2079 (778).
1275 2046 1309 2073 Β.
1334 2062 1372 2067 —
1401 2047 1486 2075 Brev.

199 2091 252 2109 ms.
280 2082 508 2109 Caelestinorum
539 2090 612 2109 saec.
641 2080 684 2109 14.
724 2082 791 2109 Cod.
815 2082 940 2109 Parisin-
964 2079 1088 2117 (Arsen.)
1115 2079 1178 2108 106.
1200 2081 1230 2109 G.
1259 2098 1295 2102 —
1321 2085 1405 2113 Brev.
1433 2095 1486 2113 ms.

196 2119 425 2147 Caelestinorum
445 2127 519 2146 saec.
541 2117 585 2146 15.
630 2119 700 2147 eod.
721 2120 846 2147 Parisin.
869 2118 949 2146 1277.
968 2120 1006 2147 D.
1028 2133 1062 2138 —
1083 2118 1168 2145 Brev.
1189 2128 1242 2147 ms.
1258 2119 1487 2151 Caelestinorum

197 2165 271 2184 saec.
287 2155 331 2184 15.
368 2156 436 2184 Οοᾱ.
449 2157 589 2184 Mazan'n.
612 2154 667 2184 357
687 2155 763 2192 (733)
775 2157 811 2184 Ε.
824 2172 863 2176 ——
875 2157 993 2192 Ant-lph.
1008 2165 1060 2183 ms.
1075 2156 1306 2185 Caelestinorum
1320 2168 1395 2187 saec.
1413 2159 1487 2189 15l1u.

199 2194 267 2221 Cod.
281 2195 403 2230 Pragen.
419 2194 493 2222 vm
516 2194 538 2222 O
559 2192 604 2222 15.
619 2195 651 2222 F.
672 2209 708 2213 —
728 2195 813 2222 Brev.
830 2194 1060 2222 Caelestinorum
1078 2194 1148 2229 imp.
1165 2194 1291 2230 Neapoli
1306 2194 1388 2225 1488.
1402 2199 1436 2227 G.
1450 2214 1487 2218 —-

192 2231 244 2258 Ad
262 2232 393 2258 Matut.
414 2232 500 2259 Iuvit.
521 2230 547 2265 2,
569 2230 587 2258 2
606 2234 637 2259 in
657 2233 779 2260 vocibus
798 2233 831 2259 F.
851 2248 889 2252 —
907 2233 948 2259 In
969 2230 994 2259 1.
1007 2232 1108 2259 Noct.
1129 2229 1151 2257 Α
1172 2230 1198 2265 6,
1211 2230 1321 2262 4Arde
1334 2235 1392 2263 hoc
1404 2237 1436 2264 F.
1450 2252 1488 2257 —

192 2269 234 2296 In
253 2267 279 2295 2.
299 2269 399 2296 Noct.
419 2268 441 2295 Α
464 2268 489 2302 1,
511 2268 531 2296 4
547 2270 706 2297 Dominum
725 2278 873 2305 nunquam
885 2270 943 2298 FG.
964 2286 1002 2290 —
1020 2270 1062 2297 In
1081 2266 1106 2296 3.
1122 2269 1222 2297 Noct.
1245 2267 1312 2307 Bm,
1329 2270 1488 2308 lOLCollep-

190 2306 286 2333 madio
311 2307 344 2334 F.
366 2320 400 2325 --
429 2305 449 2332 R
469 2306 496 2341 4,
523 2305 543 2334 9
567 2310 715 2343 trapezeta
734 2308 766 2335 F.
788 2323 827 2327 —
851 2308 896 2335 Ad
915 2309 984 2335 Ben.
1007 2307 1034 2340 Α,
1055 2304 1073 2333 5
1097 2307 1155 2334 Illa
1175 2307 1244 2334 dum
1261 2309 1293 2336 F.
1314 2325 1352 2330 —
1377 2312 1489 2341 Hierzu

191 2344 238 2371 die
257 2344 393 2378 Hymnen
422 2344 505 2371 Anal.
527 2345 585 2379 IV,¹
603 2346 654 2373 ΝΥ.
674 2343 838 2380 417—4193
865 2346 944 2373 BDE
972 2345 1068 2373 haben
1086 2344 1323 2382 keineheigenen
1342 2349 1488 2386 Hymen,

190 2381 313 2408 sondem
334 2381 381 2409 die
399 2381 448 2408 des
469 2382 668 2417 Haupt-festes.
