1655 2534
735 130 772 134 --
828 110 896 145 240
944 129 987 135 —-—

661 221 706 251 88.
735 220 777 251 De
798 220 910 251 sancta
928 218 1051 251 Ursula.

358 319 401 350 In
430 320 459 351 1.
487 319 701 359 Vesperis.

428 410 619 446 Antiphonao.

231 486 261 517 1.
288 484 399 517 Flores
424 486 524 516 nitent

335 532 471 563 candore
495 531 596 573 niveo,

285 576 464 609 Emicantes

333 626 369 654 ut
391 628 481 661 grata
502 624 578 663 lilia,

285 669 329 701 Et,
355 673 521 701 coruscant

331 715 442 746 robore
467 724 567 756 roseo,

288 762 424 794 Pulchre
447 762 553 793 iuncta

333 808 452 847 gratiae
478 809 589 851 gratia,

286 854 368 886 Dum
393 858 522 886 ornatae

333 909 404 932 rore
429 902 597 941 sanguineo

285 947 440 986 Virginali

332 998 465 1026 vernant
490 995 652 1026 munditia.

231 1061 261 1091 2.
288 1058 357 1090 Rex
379 1058 481 1089 Notus
506 1059 689 1091 Britanniae

334 1104 448 1135 Natam
474 1106 644 1144 generavit,

288 1150 372 1188 Quae
397 1160 430 1182 se
454 1152 518 1191 regi
544 1153 662 1192 gloriae

333 1197 412 1228 Voto
438 1198 603 1230 dedicavit.

229 1263 262 1294 3.
288 1262 412 1301 Agrium
437 1263 504 1294 sine
529 1265 650 1295 macula

336 1308 483 1348 Virgines
508 1310 662 1341 laetantes

293 1353 469 1392 Sequuntur
495 1364 562 1386 cum
589 1356 705 1388 Ursula

336 1400 468 1432 Carmen
493 1403 700 1434 modulantes.

230 1468 263 1497 4.
290 1464 387 1496 Totus
414 1466 609 1498 delectabilis

339 1510 479 1543 Christus
505 1516 537 1543 et
560 1513 664 1544 suavis

292 1557 400 1597 Amor,
427 1566 487 1596 quo
512 1557 547 1589 fit
571 1558 674 1590 facilis

336 1603 441 1634 Labor
466 1612 574 1635 cursus
599 1605 715 1644 gravis.

237 1670 267 1701 5.
292 1667 387 1706 Regis
410 1677 497 1699 amor

338 1714 481 1746 decorem
508 1716 659 1755 virginum

289 1759 442 1792 Mundum
469 1765 575 1792 servat

338 1815 357 1837 a
381 1806 452 1837 labe
475 1808 636 1839 criminum

289 1852 333 1885 Et
357 1853 496 1884 laborem

338 1899 454 1930 mulcet.
479 1901 692 1935 certaminum.

220 1964 259 1996 R.
290 1964 329 1996 In
354 1965 480 1996 caelesti
506 1966 567 1997 iam
592 1967 692 2006 gloria

340 2010 610 2044 sanctissimarum
636 2013 790 2052 virginum

293 2056 428 2096 Fulgent
452 2060 597 2091 undecim
621 2059 716 2099 milia,

340 2103 424 2142 Quae
459 2109 576 2137 sertum
615 2110 729 2147 gerunt
763 2116 833 2147 ger-

613 2153 741 2190 minum,

222 2198 260 2229 V.
290 2196 494 2237 Incorruptae
733 2191 738 2196 ’

340 2245 440 2275 carnis
466 2245 646 2285 obsequium

292 2289 482 2322 Obtulerunt

339 2339 432 2376 atque
456 2341 649 2379 martyrium.

1080 314 1124 341 Ad
1144 312 1322 349 Magnificat.

888 373 927 407 A.
958 371 1094 404 Fructus
1119 380 1218 402 novus

1005 418 1115 449 intacti
1139 418 1222 448 uteri

959 464 1152 504 virginalem

1005 511 1144 542 sacravit,
1167 510 1310 552 gratiam,

958 557 1003 589 Ut
1027 556 1132 588 ablato

1003 603 1081 635 vitio
1107 603 1208 635 veteri

960 649 1059 682 Grato
1083 648 1163 682 flore

1006 699 1098 728 ornet.
1122 697 1299 737 ecclesiam,

958 743 1047 776 Haec
1071 743 1219 775 Ursulam

1007 791 1127 830 angelis
1152 791 1249 821 inseri

959 836 1061 877 Digne
1086 836 1162 868 fecit

1006 886 1038 914 et
1062 884 1187 915 turbam
1212 884 1342 915 sociam.

1024 1015 1053 1045 A
1068 1014 1087 1046 d
1113 1014 1379 1046 Matutinum.

1090 1088 1304 1114 Invitatorium.

958 1144 1074 1185 Regem
1101 1145 1265 1176 laudemus
1290 1144 1461 1176 Dominum

1003 1191 1065 1222 Pro
1092 1192 1227 1223 iucunda
1252 1191 1395 1228 victoria,

959 1237 1018 1276 Qui
1043 1241 1162 1269 coetum
1188 1241 1281 1270 ornat,
1304 1237 1460 1277 virginum

1003 1284 1103 1316 Binae
1129 1293 1262 1317 coronae
1285 1284 1396 1324 gloria.

1020 1415 1063 1445 In
1092 1415 1121 1446 1.
1149 1415 1378 1448 Nocturno.

1100 1488 1293 1523 Antiphonae.

904 1545 933 1578 1.
959 1544 1079 1576 Hortus
1104 1544 1209 1575 virens
1236 1548 1268 1576 et,
1290 1543 1423 1576 floridus

1006 1590 1096 1622 Omni
1125 1591 1306 1623 redundans
1332 1591 1443 1633 gratia,

962 1636 1075 1669 Coetus
1100 1637 1255 1677 virginum
1282 1637 1435 1670 candidus

1007 1684 1146 1723 Sequens
1172 1685 1244 1724 agni
1270 1684 1412 1724 vestigia.

901 1741 931 1772 2.
959 1739 1074 1771 Sancta
1100 1739 1187 1779 virgo
1213 1740 1333 1772 Ursula

1010 1785 1173 1817 Saeculum
1200 1787 1315 1828 abegit,

959 1832 1084 1871 Agnum
1109 1833 1176 1864 sine
1201 1835 1325 1867 macula

1008 1878 1162 1917 Sponsum
1188 1881 1371 1920 praeelegit.

904 1935 935 1967 3.
960 1933 1083 1965 Tenens
1108 1938 1230 1967 scutum
1252 1935 1328 1968 fidei

1010 1980 1072 2012 Cor
1096 1990 1184 2013 suum
1210 1981 1358 2024 firmavit,

963 2025 1004 2058 Se
1029 2028 1111 2066 regis
1137 2028 1251 2060 siderei

1010 2072 1115 2105 Cultui
1141 2075 1268 2110 dicavit.

1098 2147 1306 2184 Responsoria.

906 2202 923 2235 1
931 2227 938 2236 .
963 2203 1015 2235 Ad
1042 2205 1186 2237 caelestis

1011 2252 1117 2290 sponsi
1144 2254 1313 2287 contuitum

962 2296 1075 2329 Totum
1100 2299 1209 2332 levans

1012 2344 1130 2378 Ursulo.
1154 2348 1302 2387 spiritum
