1655 2534
645 61 897 96 —239-

158 171 166 178 .
192 147 352 181 Immensa
377 150 537 185 mirabilia

237 196 332 227 Fecit
354 197 442 229 Deus
467 202 575 231 noster
599 210 742 243 magnus,

237 242 381 275 Trahens
407 245 468 277 sibi
492 250 608 286 nuptas
643 258 742 288 agnus

189 287 319 321 Florum
346 292 492 323 undecim
518 294 614 326 milia.

329 364 537 400 Responsoria.

156 443 163 450 .
191 418 267 451 Cum
293 429 351 452 sua
374 421 469 454 turba
492 425 615 462 pariter

235 467 288 498 Ad
315 471 410 508 caput
434 470 519 501 orbis
545 472 699 514 graditur,

192 513 310 545 Salutis
337 523 431 547 causa
457 517 543 556 capit
565 518 628 549 iter

236 558 361 603 [Virgo]
388 563 496 603 sicque
521 565 730 606 concluditur,

188 607 287 639 Pater
311 607 400 640 favet
425 610 571 642 celeriter

234 654 280 685 Et
296 661 443 687 constans
460 657 562 696 ipsam
578 658 735 698 sequitur3

149 727 156 734 ,
187 700 328 732 Hesther
354 703 443 742 regni
469 704 512 735 ad
535 704 648 736 solium

186 746 295 791 Vadit,
321 751 356 779 ut
381 749 485 781 salvet
508 751 671 791 populum,

184 794 274 832 Quod
296 796 412 834 pandit
437 805 496 836 per
520 798 687 836 eloquium.

150 874 157 881 .
187 849 283 882 Creta
306 851 402 882 turba
425 853 547 891 magnis
572 852 650 884 viris

231 898 285 929 Ad
294 898 488 937 triumphum
498 899 600 938 pergit
611 903 735 942 sponte,

182 942 273 975 Ferit
298 944 397 976 hostis
423 946 525 977 modis
552 946 630 977 diris

231 990 363 1030 Statque
387 992 508 1025 Ursula
529 993 562 1024 in
588 991 703 1036 fronte,

186 1036 363 1069 Coronatur
388 1038 503 1077 palmis
527 1040 616 1071 miris

231 1084 308 1116 Cum
333 1086 398 1116 suis
423 1085 455 1117 in
481 1088 589 1117 sancto
607 1090 732 1127 monte,

142 1156 150 1163 .
181 1129 388 1163 Holofernem
413 1132 523 1164 ludith
549 1131 641 1164 fortis

183 1178 306 1210 Stravit
329 1187 407 1211 nece
432 1180 531 1211 durae
554 1180 665 1211 mortis

181 1224 227 1256 Et
250 1224 387 1257 laetatur
412 1229 521 1265 gratae
548 1228 653 1259 sortis.

148 1303 155 1310 .
183 1280 384 1313 Gaudeamus
410 1283 605 1313 exsultantes

226 1328 349 1359 Assunt
372 1330 445 1368 agni
470 1329 610 1369 nuptiae,

182 1371 287 1418 [Sunt]
312 1375 374 1407 hae
396 1384 532 1414 sponsae
555 1376 723 1409 rutilantes

231 1421 324 1453 Nune
347 1423 381 1454 in
405 1432 502 1463 regno
527 1424 656 1463 gloriae,

178 1468 352 1500 Iubilemus
378 1470 609 1501 conclamantes

224 1515 389 1547 Canticum
413 1516 572 1557 laetitiae;

138 1589 144 1595 .
176 1562 272 1594 Iudas
297 1572 428 1604 magnus
452 1563 663 1596 Maccabaeus

175 1609 275 1641 Ducit
297 1619 444 1649 sponsam
471 1611 520 1643 vir
546 1611 692 1652 Iudaeus,

176 1656 276 1688 Laete
302 1666 364 1696 qua
386 1658 536 1690 laudetur
560 1657 658 1690 Deus.

262 1780 278 1812 Ι
288 1789 308 1810 n
333 1778 362 1811 L
371 1789 389 1811 a
397 1789 418 1810 u
429 1780 449 1811 d
456 1781 467 1810 i
475 1779 494 1810 b
504 1789 525 1812 u
534 1789 559 1813 s,

316 1853 511 1889 Antiphonae.

114 1912 145 1944 1.
173 1911 281 1950 Qualis
308 1915 357 1943 est
382 1911 516 1943 dilectus
541 1914 622 1949 tuus,

220 1959 244 1991 O
270 1959 403 1999 pulchra
427 1958 603 1999 mulierum,

872 160 979 198 Qualis
1005 165 1051 192 est
1078 161 1211 194 dilectus
1235 163 1346 196 Deus?

916 207 963 238 Et,
978 216 1162 247 quaeremus
1183 212 1285 242 tecum
1302 220 1421 245 verum.

836 295 843 303 .
871 272 1019 304 Gaudens
1043 274 1077 305 in
1101 273 1247 313 Domino,

917 319 1035 351 Ornata
1058 321 1239 361 monilibus,

870 365 1014 398 Iubilabo
1040 367 1142 399 animo

917 412 994 444 Gum
1018 414 1135 445 sanctis
1161 414 1346 455 virginibus,

836 501 843 508 .
870 477 950 509 Sunt
975 478 1057 509 enim
1083 479 1229 519 virgines,

915 525 1041 564 Agnum
1066 535 1146 565 quae
1170 530 1352 567 sequuntur,

867 571 911 603 Et
935 570 1003 603 Deo
1027 572 1166 611 virgines

915 617 982 649 Sibi
1008 619 1206 654 assistuntur,

834 706 841 714 .
867 683 981 721 Angeli
1008 683 1166 723 dominici,

914 728 981 761 Deo
1008 729 1195 770 benedicite,

865 776 1047 808 Terrestres
1072 786 1165 818 nuno,
1192 778 1311 816 caelici,

911 822 1071 864 Hymnum
1095 824 1168 856 Iesu
1194 825 1298 857 dicite.

830 913 837 920 .
863 888 997 919 Iuvenes
1023 891 1055 918 et,
1079 888 1227 928 virgines,

911 933 1080 965 Dominum
1105 935 1244 973 laudate,

862 980 1005 1013 Iuniores
1031 984 1063 1011 et
1086 989 1186 1019 senes,

912 1026 1072 1058 Canticum
1103 1028 1231 1060 dietate.

978 1109 1021 1137 Ad
1043 1110 1216 1138 Benedictus

827 1203 832 1209 .
863 1177 1055 1208 Benedictus
1080 1177 1122 1208 sit
1144 1176 1308 1217 Dominus,

908 1224 968 1262 Qui
992 1224 1133 1255 visitavit
1158 1227 1188 1255 et
1209 1225 1334 1256 vocavit

861 1271 928 1302 Has
953 1271 1091 1310 virgines
1117 1270 1156 1302 ab
1181 1271 1310 1309 eminus,

908 1317 1078 1349 Coronavit
1103 1321 1134 1348 et
1157 1317 1274 1349 locavit

859 1364 897 1396 In
921 1372 1002 1403 paee
1026 1364 1087 1395 sibi
1114 1365 1295 1398 comminus,

919 1523 965 1555 In
992 1524 1023 1555 2.
1049 1523 1266 1563 Vesperis.

974 1606 1020 1634 Ad
1039 1606 1219 1643 Magnifieat.

816 1699 824 1707 .
854 1675 1050 1712 Esurientes,
1076 1674 1160 1714 Iesu,
1183 1675 1284 1715 donis,

903 1721 1033 1754 Beatam
1072 1721 1220 1754 Ursulam
1256 1719 1358 1766 [cum]

1182 1770 1295 1801 ceteris

853 1817 993 1854 Replens
1026 1825 1111 1847 nunc
1134 1816 1168 1846 in
1195 1816 1289 1848 caelis
1314 1816 1405 1849 bonis

900 1863 971 1895 Rex
987 1863 1155 1903 virginum,
1183 1873 1252 1895 cum
1271 1864 1401 1904 angelis,

853 1911 1031 1949 Participes
1057 1919 1188 1949 quarum
1215 1911 1338 1943 coronis

901 1957 1018 1990 Earum
1048 1958 1148 1989 simus
1170 1958 1301 1992 meritis.

174 2054 259 2081 Brev.
288 2061 341 2080 ms.
369 2053 531 2080 Praedicat.
557 2052 728 2081 Cremonen.
754 2053 825 2081 anni
853 2050 933 2079 1467.
978 2051 1047 2079 Cod.
1074 2051 1249 2078 Casanaten.
1269 2051 1302 2079 B.
1325 2051 1368 2079 VI
1387 2050 1405 2079 5

96 2090 201 2128 (1182).
215 2104 253 2109 -
273 2091 315 2119 In
336 2090 361 2119 1.
376 2091 480 2118 Noct.
502 2091 520 2117 Α
541 2088 567 2124 3,
588 2089 606 2119 3
627 2092 769 2119 caelieum
790 2093 820 2118 et
839 2091 973 2125 eaquirit.
992 2102 1031 2107 -—
1051 2088 1069 2114 R
1091 2087 1117 2123 2,
1132 2086 1150 2116 8
1171 2089 1303 2117 Seratum
1323 2098 1403 2125 pere-

94 2131 240 2166 grinaturf
252 2129 339 2157 —In
353 2127 380 2156 2.
393 2128 493 2156 Noas
509 2129 529 2155 Α
546 2127 572 2162 2,
585 2127 599 2156 1
614 2129 746 2156 flumina.
758 2129 846 2156 —In
859 2126 887 2156 3.
902 2128 1004 2155 Noct.
1018 2126 1038 2153 A
1055 2125 1082 2160 2,
1093 2126 1113 2154 4
1123 2127 1256 2155 Proferto
1270 2127 1353 2155 Sion.
1368 2142 1403 2147 —

97 2169 115 2195 Β
138 2166 162 2201 1,
187 2165 205 2195 3
229 2167 294 2194 eine
313 2166 396 2195 Silbe
415 2175 453 2193 zu
471 2167 545 2203 vie13
567 2166 586 2193 R
609 2166 633 2200 1,
653 2165 673 2195 4
691 2167 789 2195 fehlen
808 2167 881 2193 zwei
901 2165 1012 2193 Silben.
1032 2178 1069 2183 —
1090 2164 1110 2191 R
1134 2162 1158 2198 1,
1180 2164 1197 2192 5
1218 2165 1300 2193 Lies:
1321 2166 1404 2202 Papa

93 2207 183 2235 favet.
209 2219 249 2223 —
273 2203 316 2233 In
339 2205 452 2233 Laud.
478 2204 541 2232 Vor
568 2204 618 2233 der
639 2208 736 2233 ersten
756 2204 779 2231 Α
798 2205 868 2232 liest
886 2212 969 2231 man:
997 2203 1150 2239 Sapientia
1173 2204 1257 2230 misit
1280 2204 1402 2231 ancillas

95 2252 172 2277 suas,
193 2245 228 2270 ut
245 2246 385 2271 vocarent.
404 2243 441 2270 ad
461 2251 556 2271 arcem
578 2246 608 2271 et
627 2243 663 2270 ad
685 2245 803 2271 moenia
822 2243 952 2270 civitatis
971 2240 1067 2270 (Prov.
1089 2240 1114 2274 9,
1130 2238 1166 2274 3).
1187 2257 1219 2261 -
1244 2240 1267 2267 Α
1284 2239 1311 2274 S,
1326 2239 1343 2270 3
1358 2251 1401 2279 sq.

93 2281 265 2310 verdorben.
292 2296 330 2300 —
353 2282 395 2308 In
414 2279 441 2308 2.
457 2281 562 2317 Vesp.
585 2281 630 2308 Ad
649 2281 749 2317 Magn.
771 2281 799 2314 Α,
820 2278 838 2308 2
859 2280 954 2308 erhalt
973 2278 1063 2306 durch
1083 2288 1147 2306 cum
1168 2280 1232 2307 eine
1253 2280 1334 2308 silbe
1354 2289 1402 2308 zu-

92 2320 168 2354 vie13
195 2319 330 2348 dasselbe
349 2318 422 2346 wird
441 2319 511 2347 aber
530 2328 597 2347 vom
618 2319 692 2347 Sinn
714 2319 868 2355 gefordert.
