1655 2534
301 159 347 190 In
373 160 405 191 2.
431 157 488 190 No
499 160 655 200 cturno.

379 250 572 285 Antiphonae.

207 344 215 351 .
239 317 409 357 lnsignitus

289 367 337 396 est,
360 367 496 403 sanctus,
521 362 666 400 Domine,

240 411 382 444 Pretioso

289 458 392 490 vultus
417 456 463 488 tui
487 455 611 497 lumine,

244 501 410 543 Operadflo

292 559 397 583 veram
421 549 572 581 iustitiam

242 597 303 629 Est
325 596 458 636 adeptus

290 642 547 674 misericordiam.

213 733 221 742 .
247 708 407 741 Gloriatur
431 709 461 737 et
487 706 622 738 exsultat

291 754 349 788 Vir
371 753 470 785 iustus
494 754 527 785 in
551 753 695 792 Domin0,

243 801 331 833 Sicut
354 800 455 832 bonae
479 799 649 832 voluntatis

293 847 465 880 Coronatur
490 846 600 885 clipeo.

190 920 196 926 ·
214 940 221 947 .
248 914 273 945 Ο
299 921 389 952 quam
408 914 550 943 sanctum
565 919 677 942 nomen
694 913 791 949 tuum,

294 958 390 996 Deus,
415 960 448 988 et,
470 957 624 996 mirabile,

247 1005 441 1044 Exaltatum,
466 1004 634 1043 gloriosum

291 1051 335 1083 Et
359 1050 624 1090 superlaudabile,

249 1098 307 1136 Qui
331 1100 454 1129 sanctos
478 1100 547 1128 tuos
573 1097 613 1128 de
636 1097 730 1127 terris

294 1144 397 1175 Levas
422 1144 462 1174 ad
488 1143 636 1175 caelestia

248 1192 292 1223 Et
314 1198 442 1221 coronas
465 1189 498 1221 in
524 1189 655 1221 excelsis

297 1238 423 1269 Honore
447 1239 479 1268 et
502 1235 610 1276 gloria.

382 1328 586 1363 Responsoria.

219 1420 226 1427 .
254 1394 467 1434 Congregatur

300 1441 401 1471 clerus
426 1443 458 1470 et
481 1440 625 1479 populus¹

252 1485 355 1517 Datur
375 1489 482 1517 sancto

300 1534 389 1571 virga
413 1534 445 1563 et
468 1532 609 1572 annulus,

255 1580 331 1611 Post
354 1579 414 1610 hoc
439 1579 536 1610 claret

300 1626 427 1664 praesul
451 1624 580 1656 eximius

253 1672 363 1703 Multis
388 1672 484 1713 signis

304 1721 397 1757 atque
422 1717 609 1760 virtutibus3

219 1791 226 1799 .
256 1765 407 1797 Inventus
432 1767 480 1796 est

304 1812 353 1842 vir
376 1811 444 1843 sine
467 1811 589 1843 macula

257 1858 301 1889 Et
323 1857 395 1891 ideo

306 1903 408 1944 fulget
430 1913 489 1944 per
512 1904 647 1936 saecula.

225 1995 232 2002 .
261 1969 421 2001 Castitatis
445 1969 620 2009 integritas,

258 2015 442 2048 Laudabilis
467 2016 635 2056 humilitas,

258 2063 435 2102 Pauper-um
459 2064 612 2094 recreatio

258 2109 303 2141 Et
327 2109 429 2141 carnis
454 2110 623 2142 maceratio

260 2156 353 2187 Hunc
376 2165 451 2188 vere
476 2156 751 2189 commendabilem

261 2202 453 2235 Reddebant
477 2206 508 2235 et
532 2203 708 2243 amabilem,

193 2249 234 2282 V.
261 2249 379 2289 Magna
403 2252 435 2280 et
456 2250 621 2283 innumera

266 2295 447 2328 Gratiarum
470 2306 610 2330 munera.

794 57 935 93 40—

857 155 888 186 3.
915 152 978 184 Per
1001 157 1150 182 annorum

962 197 1071 237 viginti
1097 196 1232 238 spatium

914 244 1079 278 Pastorale

960 291 1119 330 complens
1144 288 1283 322 officium

911 339 981 371 Deo
1004 337 1066 369 sibi

961 386 1143 426 praestante
1166 384 1298 424 gratiam

912 433 1170 464 Lausannensem

962 480 1048 509 rexit
1073 478 1248 517 ecclesiam,

915 525 1028 557 Fidem
1052 532 1182 555 servans

963 575 995 603 et
1016 570 1241 604 innocentiam.

845 619 883 651 V.
913 619 1012 657 Eece,
1046 626 1117 649 vere
1139 617 1312 659 Israelita,
1344 619 1383 651 in
1407 629 1469 659 quo

916 664 1010 698 dolus
1032 673 1101 696 ‘non
1124 665 1178 697 est.

977 760 1024 791 In
1049 758 1081 790 3.
1105 757 1332 792 Nocturno.

1065 830 1259 867 Antiphonae.

862 891 893 924 1.
919 890 1082 929 Ingressus
1107 892 1155 919 est

966 937 1016 967 vir
1040 935 1109 967 sine
1132 936 1265 975 macula,

918 982 1086 1022 Requievit

966 1029 999 1060 in
1024 1028 1237 1069 tabernacula,

920 1077 1005 1116 Quae
1029 1078 1102 1107 sunt
1127 1075 1238 1107 domus

968 1125 999 1153 et
1022 1121 1204 1153 habitacula

1015 1169 1212 1202 Sanctorum.

866 1226 899 1258 2.
923 1226 961 1257 In
988 1224 1104 1257 virtute
1127 1225 1188 1256 Dei

968 1271 1068 1303 iustus
1091 1271 1264 1303 laetabitur

921 1318 967 1349 Et
992 1318 1150 1349 desiderio

970 1365 1074 1396 cordis
1101 1363 1263 1404 ditabitur,

921 1411 999 1443 Cum
1024 1411 1106 1443 stola
1133 1410 1252 1450 duplici

972 1458 1183 1491 coronabitur.

870 1513 902 1546 3.
926 1513 1081 1546 Innocens
1106 1515 1249 1546 manibus

972 1560 1061 1592 oculo
1086 1561 1222 1601 simplici

927 1606 1118 1639 Conscendit
1140 1607 1261 1640 Marius

974 1654 1008 1686 in
1031 1657 1169 1686 montem
1193 1655 1333 1696 Domini,

926 1700 973 1732 Et
992 1701 1066 1741 quia
1087 1711 1151 1733 non
1174 1711 1256 1734 vane

977 1746 1118 1788 suscepit
1140 1748 1286 1790 animam,

932 1794 1063 1827 Plenam
1087 1796 1222 1836 recipiet

975 1842 1236 1876 misericordiam.

1065 1915 1273 1951 Responsoria.

875 1971 906 2003 1.
931 1970 1069 2010 Expleto
1092 1973 1177 2004 vitae
1200 1975 1334 2008 termino

932 2018 1074 2050 Vocante
1100 2028 1169 2051 eum
1194 2020 1330 2054 Domino

932 2065 1027 2096 Caelo
1053 2066 1197 2098 reddidit
1220 2069 1366 2107 spiritum

932 2110 975 2143 Et
1000 2114 1105 2144 terrae
1130 2114 1233 2146 carnis
1262 2116 1413 2150 debitum.

862 2159 902 2191 V.
930 2158 1119 2191 Innocenter

982 2206 1090 2238 vivens
1114 2208 1148 2239 in
1172 2210 1308 2251 saeculo,

934 2251 1088 2285 Feliciter

985 2301 1102 2340 gaudet
1130 2311 1198 2334 cum
1221 2302 1366 2339 Domino.
