1655 2534
681 85 938 123 -213—

174 182 206 216 2,
233 182 258 215 O
283 181 424 215 imitator
448 182 568 223 sedule,

233 230 345 263 Comes
370 230 460 262 Pauli
488 230 653 271 discipule,

282 277 341 316 Qui
365 277 516 316 respuisti
541 280 678 319 terrena,

231 324 276 356 Et
299 326 433 364 propter
457 323 519 355 Dei
545 323 643 355 filium

233 371 370 411 Elegisti
395 371 542 403 exsilium

281 417 444 458 Linquens
468 418 593 457 patriae
617 426 757 460 amoena,

163 465 202 497 V.
233 465 394 505 Linquere
417 464 470 496 fac
494 474 551 497 nos
574 465 651 497 vitia

234 511 280 544 Et
303 514 377 552 post
399 513 511 544 mortis
537 512 634 544 exitia

282 559 334 591 Da
359 560 439 591 caeli
460 560 532 591 loca
554 568 676 593 serena.

177 617 209 650 3.
234 615 426 656 Expositum
450 615 601 655 periculis

236 663 385 703 Sequitur
411 665 443 694 et
466 662 627 694 miraculis

284 710 415 742 Paulum
430 709 471 741 ad
487 709 598 741 urbem
610 709 784 741 Romanam

235 756 429 796 Timotheus,
455 757 504 788 vir
528 756 651 796 beatus,

235 803 351 835 Lorica
375 802 451 835 fidei
477 806 627 845 armatus,

283 849 356 881 Non
395 851 510 882 timens
546 852 670 889 gentem
709 858 783 889 pro-

560 895 677 937 sanam,

167 945 206 977 V.
236 944 355 976 Debita
377 942 530 975 beneficia

235 992 428 1031 Impendens
450 993 482 1021 et
506 990 620 1022 solatia

281 1038 400 1071 Paulus
417 1037 457 1070 ob
476 1038 652 1070 doctrinam
665 1046 784 1071 sanam.

294 1180 342 1212 In
368 1181 399 1212 2.
426 1178 484 1211 No
496 1181 655 1210 cturno.

376 1263 572 1299 Antiphonae.

179 1332 210 1365 1.
238 1331 395 1371 Egressus
421 1339 479 1362 rex
503 1332 536 1361 et
560 1330 704 1362 dominus

287 1378 349 1409 Per
373 1377 573 1409 Timotheum
599 1377 734 1409 subiecit

237 1424 365 1465 Gentes,
392 1433 484 1464 quem
508 1424 570 1456 sibi
595 1424 766 1456 comminus

288 1472 484 1504 coheredem
510 1470 588 1502 fecit

235 1519 338 1559 Regni
363 1521 394 1550 et
418 1519 621 1551 nihilominus

283 1566 485 1607 Principibus
511 1566 640 1597 adiecit.

177 1625 208 1656 2.
235 1624 273 1656 In
298 1625 391 1662 petra
415 1631 500 1654 nunc
525 1622 672 1655 exaltasti

285 1669 439 1702 Caelestis
464 1669 660 1701 celsitudinis

230 1718 433 1749 Timotheum
459 1719 490 1748 et
516 1716 659 1748 fundasti

281 1764 328 1797 Ut
350 1765 465 1796 turrim
490 1763 697 1802 fortitudinis,

233 1812 331 1856 Deus,
358 1821 416 1852 per
442 1820 534 1852 quem
560 1810 704 1851 effugasti

280 1859 464 1900 Hostesque
488 1858 721 1891 sanctitudinis.

178 1919 210 1952 3.
238 1917 325 1959 Opus
349 1916 411 1948 Dei
435 1916 562 1948 nuntiat

279 1964 466 2005 Intelligens
494 1964 559 1995 eius
585 1961 681 2004 facta,

232 2013 349 2056 Suasit,
376 2015 413 2044 ut
433 2011 525 2053 plebs
551 2010 691 2043 excutiat

278 2060 372 2094 Idola
395 2058 569 2093 mutefacta

232 2108 496 2149 Baptismumque
520 2106 675 2146 suscipiat

281 2155 429 2190 Criminis
455 2155 614 2187 delentem
639 2155 720 2188 acta.

373 2240 580 2276 Responsoria.

178 2309 210 2342 1.
235 2308 355 2342 Romae
381 2308 492 2340 doctor
515 2307 655 2348 gentium

285 2355 418 2388 Biennio
445 2354 622 2396 disputavit

841 464 879 498 V.

852 663 884 694 2.

911 184 956 216 Et
979 181 1121 215 obsidem
1147 182 1342 215 credentium

956 230 1009 262 Ad
1036 228 1157 261 Gallias
1183 230 1355 262 destinavit

911 278 1070 319 Sanctum,
1098 277 1151 317 qui
1176 285 1230 308 cor
1255 277 1432 309 conantium

958 322 1064 356 Verbo
1088 323 1151 355 Dei
1172 323 1319 363 irrigavit

911 372 961 403 Ac
984 372 1100 402 statum
1124 371 1171 402 sic
1196 371 1366 403 viventium

958 418 997 450 In
1020 418 1131 449 melius
1156 418 1306 457 mutavit·,

909 463 1081 505 Arguendo
1105 465 1283 504 increpavit

956 511 1009 543 Ex
1033 519 1121 544 more
1146 512 1232 543 docti
1255 511 1390 551 mystici,

910 558 1050 590 Verbum
1075 559 1161 591 vitae
1183 558 1352 590 seminavit

958 606 1052 638 quta
1075 608 1281 646 praeceptum
1305 605 1460 645 magistri.

909 662 1098 701 Properavit
1121 662 1282 701 apostolus

958 708 1013 740 Ad
1036 708 1227 741 Burduelem
1252 708 1414 748 famosam,

914 755 978 787 Ubi
1002 753 1132 788 fovebat
1155 756 1290 796 populus

961 802 1085 833 Sectam
1110 803 1370 843 superstitiosam,

911 848 1006 880 Hunc
1031 848 1194 882 admonuit
1217 850 1345 881 sedulus

959 895 1074 926 Fidem
1100 895 1218 927 Christi
1243 896 1422 936 gloriosam,

910 941 957 974 Ut
980 944 1120 973 sumeret
1142 943 1323 974 incredulus

959 988 1137 1020 Virtutibus
1163 989 1340 1029 copiosam3

911 1035 1106 1067 Resistentes
1131 1036 1233 1076 primo
1257 1034 1349 1067 flexit

959 1082 1077 1114 Beatus
1102 1083 1200 1123 signis
1227 1083 1356 1115 caelitus

914 1129 1033 1171 GallOS,
1058 1138 1134 1170 quos
1160 1131 1202 1162 ad
1224 1130 1327 1162 Deum
1351 1129 1439 1161 vexit

961 1176 1037 1209 Cum
1061 1177 1169 1209 verbis
1195 1176 1395 1217 evangelicis.

878 1258 887 1266 .
913 1232 1129 1266 orthodoxam
1156 1233 1302 1265 dilatavit

914 1280 1029 1312 Fidem
1050 1280 1167 1320 verbis,
1193 1280 1369 1321 baptizavit

962 1325 1101 1366 Populos
1127 1336 1197 1359 cum
1221 1327 1391 1367 prioribus,

914 1374 1076 1406 Ecclesias
1100 1374 1300 1414 instauravit,

913 1421 1124 1460 Presbyteros
1150 1422 1312 1454 ordinavit

960 1468 1012 1500 Ex
1038 1468 1122 1500 clero
1146 1468 1281 1508 meliori,

918 1515 1165 1555 Timotheusque
1187 1515 1313 1547 sanavit

914 1562 1042 1602 Caenos,
1069 1563 1198 1595 claudos
1225 1565 1257 1594 et
1282 1562 1410 1594 donavit

961 1610 1116 1642 Remedia
1139 1609 1353 1650 languoribus

912 1657 997 1689 Hinc
1019 1659 1083 1696 est,
1110 1657 1195 1697 quod
1219 1666 1279 1689 non
1305 1657 1462 1688 immerito

961 1705 1145 1736 Timotheus
1171 1706 1374 1744 comparatur

913 1752 1077 1792 Apostolis
1103 1755 1136 1784 et
1161 1751 1267 1784 debito

961 1800 1038 1833 Cum
1062 1798 1183 1832 honore
1206 1801 1387 1832 veneratur.

980 1942 1019 1975 In
1045 1943 1076 1978 3.
1101 1942 1159 1975 No
1171 1944 1295 1974 cturn
1306 1950 1333 1973 o.

1055 2035 1251 2071 Antiphonae.

880 2139 888 2147 .
913 2113 1009 2152 Ecce,
1036 2113 1181 2144 columna
1204 2112 1306 2153 polita

962 2159 1024 2192 Dei
1048 2159 1274 2199 aedificiorum,

918 2208 1016 2247 Quam
1043 2205 1116 2240 faex
1140 2217 1204 2240 non
1228 2207 1388 2239 exinanita

964 2254 1464 2297 Nunquamsordetpeccatorum‚

917 2303 1010 2336 Altat
1034 2311 1152 2336 cornua
1177 2299 1306 2348 [ignita]

966 2350 1021 2384 Ad
1045 2352 1138 2385 sedes
1162 2351 1252 2392 regni
1274 2351 1429 2391 polorum.
