1655 2534
720 174 764 179 -—
815 151 883 188 282
932 172 976 178 —

267 252 290 280 O
310 251 404 278 virum
424 250 558 283 nobilem,
932 246 1039 274 Adesto
1060 245 1193 281 precibus

265 291 311 317 De
332 292 409 316 terra
429 288 577 320 caelibem,
932 284 1046 311 Nostris
1069 286 1098 311 et
1116 283 1261 316 laudibus,

265 328 311 355 De
332 329 410 354 terra
427 327 556 362 genitum
932 321 1030 349 Pulsis
1050 321 1231 356 serpentibus

263 365 327 392 Iam
348 363 428 391 eaelo
447 363 606 398 remitum,-
932 358 973 385 Et
991 359 1076 386 malis
1098 358 1231 386 omnibus

265 401 289 429 O
309 403 390 438 pater
410 401 538 433 celebris,
933 396 1024 431 Opem
1043 396 1093 430 fer,
1114 402 1298 430 quaesumus,

264 439 377 472 Alai-de,
398 438 466 466 filiis
933 434 1025 461 Nobis
1045 433 1190 461 assiduus.

283 512 309 540 5.
331 513 445 540 Alban
456 514 478 546 i,
501 512 661 547 presbyteri
682 513 711 537 et
727 510 873 545 martyris,
893 507 941 535 21.
954 508 1025 536 Juni
1038 505 1101 544 [fol.
1115 505 1151 535 55
1158 505 1197 543 a}
1227 507 1376 543 Folgende
1388 505 1497 533 Bruch-

210 551 312 578 stiieke
332 551 410 577 eines
430 549 636 576 unbekannten
656 547 817 574 Officiums:

376 604 438 633 Inv.
459 605 629 632 Sanctorum
648 606 710 639 regi
728 603 884 630 iubilemus
904 602 990 629 laude
1009 602 1124 635 celebri,

458 643 515 676 Qui
535 641 614 669 dedit
632 641 745 668 Albano
766 648 864 668 secum
883 647 1004 676 regnare
1023 640 1118 667 beato.

406 700 439 726 A.
461 698 593 726 Celebret
611 697 705 725 laetus
726 697 881 724 sollemnia
898 696 1007 732 gaudia
1026 698 1124 724 coetus

459 736 596 769 Martyris
616 734 723 762 Albani
742 734 822 761 caelo
841 737 975 769 terraque
995 734 1110 761 sacrati.

405 793 438 819 A.
458 791 579 819 Inciitus
599 791 738 825 Albanus,
757 790 825 817 fidei
846 792 954 817 virtute
974 791 1122 825 probatus,

459 829 638 864 Exponendo
658 827 743 856 fidem
764 830 857 856 sectas
877 827 1034 855 damnabat
1051 827 1169 854 ibidem.

457 867 492 894 In
512 867 646 894 manibus
667 869 812 902 sumptum
832 868 919 899 eaput
938 873 957 892 a
976 867 1087 892 cervice
1107 865 1253 892 revulsum

457 904 533 931 Illuc
555 904 678 938 adducit,
700 904 751 931 ubi
771 911 849 931 nunc
867 905 899 930 in
918 910 990 938 pace
1011 902 1142 939 quiescit.

294 979 319 1007 6.
339 979 466 1007 Albini
485 975 562 1014 [sic]‚
581 979 799 1014 protomartyris
812 978 990 1010 Britanniae,
1010 975 1055 1003 22.
1068 976 1152 1004 Junii
1172 973 1232 1011 [fol.
1254 973 1289 1003 65
1297 974 1338 1011 b].
1370 974 1432 1002 Auf
1448 975 1500 1002 das

214 1018 277 1046 Inv.
299 1019 346 1045 ein
367 1014 388 1042 Β
408 1016 467 1043 und
481 1015 512 1050 Α,
533 1015 581 1043 die
602 1015 735 1043 s'amtlich
754 1015 904 1050 prosaiseh
923 1014 996 1049 sind,
1016 1014 1103 1050 folgt:

442 1071 563 1099 Inclitus
587 1072 720 1105 Albinus,
741 1080 800 1098 non
818 1072 955 1106 vulpinus
975 1071 1026 1098 sed
1046 1071 1160 1104 ovinus,

440 1109 551 1136 Mentes
572 1109 707 1144 vulpinas
726 1116 811 1144 prece
830 1110 956 1144 corrigat
972 1110 1060 1144 atque
1078 1107 1203 1141 lupinas.

441 1165 536 1198 Salve,
558 1167 657 1192 sancte
676 1168 766 1199 pater,
787 1165 992 1191 Britannorum
1012 1166 1154 1199 genteque
1176 1165 1293 1197 martyr,

441 1202 490 1230 Cis
510 1210 573 1229 eras
593 1204 680 1236 atque
699 1204 782 1238 pater
800 1204 833 1228 tu.
852 1203 1067 1237 marquetyrum
1087 1201 1172 1227 modo
1192 1200 1289 1235 frater,

438 1240 554 1274 Proque
572 1241 630 1266 tuis
651 1241 726 1267 caris
746 1239 942 1266 dominantem
961 1247 1087 1274 namque
1104 1239 1243 1273 precaris.

620 1295 691 1328 Ave,
711 1297 904 1331 protomartyr
923 1294 1091 1329 Anglorum‚

621 1333 708 1360 Miles
727 1334 804 1368 regis
824 1333 1000 1368 angelorum,

622 1369 646 1397 O
665 1370 780 1403 Albine,
799 1370 854 1398 flos
872 1372 1032 1405 martyrum

621 1407 710 1435 Velut
727 1415 794 1435 rosa
813 1408 861 1435 vel
880 1407 985 1441 lilium,

619 1445 720 1472 Funde
739 1453 838 1481 preces
858 1445 896 1472 ad
914 1445 1073 1472 Dominum

621 1482 678 1509 Pro
699 1483 794 1510 salute
812 1481 949 1510 fidelium.

210 1538 258 1565 Da
280 1539 399 1566 letztere
418 1536 439 1564 Α
467 1538 502 1565 de
528 1539 672 1566 communi
696 1539 754 1565 und
780 1538 834 1565 auf
853 1538 930 1566 viele
946 1535 1066 1574 Heilige
1086 1538 1261 1575 angewandt
1277 1540 1330 1573 ist,
1359 1538 1415 1566 den
1434 1547 1501 1566 vot-

211 1576 368 1603 stehenden
380 1575 594 1603 Leonim'schen
605 1576 717 1603 Versen
737 1576 805 1603 aber
824 1576 906 1603 nicht
924 1576 1089 1603 anzusehen
1108 1576 1156 1611 ist,
1178 1577 1213 1603 ob
1229 1577 1272 1603 sie
1285 1585 1351 1604 zum
1365 1575 1500 1604 Officium

212 1612 329 1676 ²{h1en·
341 1612 409 1676 (ἔξω
432 1613 527 1648 nieht,
554 1613 648 1640 bleibt
667 1621 696 1641 es
717 1612 907 1646 zweifelhast,
933 1613 968 1640 ob
990 1613 1050 1640 dies
1071 1621 1138 1641 zum
1156 1613 1223 1641 Teil
1241 1613 1422 1649 rhythmiseh
1441 1622 1503 1641 war

215 1658 230 1676 o
252 1659 282 1678 er
300 1659 348 1677 mc
383 1669 388 1675 .

288 1724 314 1751 7.
334 1724 546 1758 Alexandri,
566 1726 700 1761 martyris
719 1725 929 1762 Lugdunensis,
951 1723 996 1754 24.
1012 1727 1082 1763 Apr.
1102 1724 1164 1762 [fol.
1187 1723 1287 1763 153a].
1320 1727 1397 1755 Eine
1417 1728 1446 1762 Α,
1467 1727 1504 1755 ad

216 1761 300 1789 Nunc
319 1762 459 1790 dimittis?

569 1819 603 1846 A.
623 1818 693 1854 Ave,
715 1820 839 1847 clemens
858 1821 967 1855 martyr
988 1820 1105 1854 Christi,

624 1855 729 1884 Sancte
748 1857 919 1891 Alexander,

626 1893 710 1922 Serto
730 1895 844 1931 fulgens
864 1903 961 1928 aure0,

626 1931 703 1960 Audi
722 1941 821 1968 preces
840 1933 995 1961 humilium

624 1968 670 1996 Ad
687 1972 717 1997 te
737 1971 787 2006 pie
806 1970 1007 2005 clamantium5

627 2007 774 2035 Oonserva
791 2016 845 2035 nos
864 2008 1022 2043 vigilantes

627 2044 668 2071 Et
688 2045 801 2072 custodi
820 2044 1002 2080 dormientes,

626 2081 669 2109 Ut
686 2084 719 2110 in
739 2082 853 2110 Christo
873 2082 1027 2118 vigilemus

622 2119 665 2147 Et
682 2121 713 2148 in
732 2128 805 2156 pace
823 2121 1014 2157 quiescamus.

291 2191 318 2221 8.
338 2194 460 2222 Alexii
488 2196 674 2229 confessoris,
701 2195 745 2223 17.
765 2196 854 2231 Julii,
881 2194 942 2232 [fol.
963 2194 1045 2234 90b].
1084 2198 1148 2226 Nur
1166 2198 1302 2235 folgende
1320 2200 1413 2229 Verse
1433 2201 1510 2229 ohne

219 2230 421 2269 Bezeichnung
438 2233 498 2260 und
518 2234 719 2262 unbekannter
737 2234 900 2262 Herkunft:

467 2289 491 2316 O
510 2289 606 2317 lilium
626 2291 786 2321 munditiae
804 2291 983 2327 Relinquens
1003 2300 1128 2328 sponsae
1150 2293 1274 2329 thorum,

467 2326 491 2354 O
512 2335 578 2355 rosa
596 2329 758 2364 patientiae
795 2329 908 2357 Probra
926 2329 1020 2358 ferens
1041 2339 1200 2365 servorum,

466 2365 526 2392 Diu
544 2366 639 2394 latens
659 2374 690 2394 es
709 2367 791 2396 viola
826 2367 933 2395 Factus
954 2367 1138 2404 humilitatis,

465 2402 557 2438 Iunge
575 2406 679 2440 potens
699 2405 840 2433 caelicola
875 2405 946 2440 Nos,
968 2406 1060 2442 Alexi,
1081 2406 1185 2435 beatis.
