1655 2534
629 107 883 142 —11‘7—

320 201 525 236 Responsoria.

126 256 158 290 1.
183 256 273 288 Vasti
298 257 383 289 orbis

231 306 373 336 extrema
398 304 502 337 latera

185 348 239 382 Sic
262 349 407 383 fundavit

232 397 339 429 divina
365 397 505 439 dextera,

187 442 232 475 Ut
258 444 357 477 dilata

233 491 344 523 salutis
365 500 497 524 munera

184 536 254 569 Non
280 537 438 570 inferrent

234 585 342 616 electis
359 586 500 619 vulnera.

112 631 153 663 V.
182 630 337 663 Fremant
358 632 474 671 hostes,

231 678 402 712 turbantur
424 678 537 717 infera,

185 725 278 757 Viam
305 725 447 757 Christus

230 772 344 812 pandit
367 772 409 803 ad
433 774 572 805 aethera.

126 848 158 880 2.
183 845 273 878 Hora
298 854 394 878 cenae

231 893 352 932 paratis
377 894 531 933 omnibus,

182 939 318 972 Mandat
341 939 483 972 Christus

232 986 381 1018 extremis
405 987 549 1026 gentibus

183 1033 290 1065 Missis
315 1034 415 1065 servis

234 1081 331 1112 verbo
356 1081 547 1123 potentibus,

185 1127 233 1160 Ut
256 1127 365 1159 eiectis

235 1174 384 1205 intersint
408 1172 572 1207 fratribus

115 1222 152 1253 V.
183 1221 236 1253 Ad
262 1221 323 1252 hoc
346 1221 503 1259 negotium

231 1267 309 1299 Tam
334 1268 545 1299 necessarium

186 1313 293 1354 Elegit
316 1314 459 1345 nuntium

233 1360 382 1392 Sanctum
406 1361 595 1402 Ansgarium

128 1438 159 1469 3.
187 1435 380 1468 Provocatus
404 1436 559 1474 inimicus,

186 1482 305 1515 Saevus
329 1483 429 1515 hostis
454 1485 486 1514 et
509 1482 664 1523 antiquus,

232 1529 369 1561 Nostrae
393 1530 503 1561 salutis
527 1529 664 1568 invidus,

184 1576 311 1616 Septem
337 1585 440 1609 secum
465 1577 630 1617 nequiores

184 1623 335 1655 Veritatis
360 1623 565 1656 subversores

233 1670 411 1705 Goassumit
433 1671 561 1703 lividus

116 1718 151 1750 V.
183 1718 357 1750 Daemonia
379 1718 571 1757 nequissima

188 1765 369 1808 Procurant,
395 1765 479 1804 quod
504 1765 674 1797 novissima

231 1812 346 1844 Peiora
370 1812 434 1843 sint
458 1811 629 1851 prioribus,

243 1963 289 1995 In
315 1965 346 1997 3.
372 1963 600 1997 Nocturno.

324 2047 519 2083 Antiphonae.

124 2125 155 2159 1.
181 2126 272 2158 Inter
293 2131 444 2165 patronos
468 2125 600 2158 Sueciae

184 2172 360 2207 Primatum
385 2174 473 2204 tenet
494 2173 600 2205 curiae

228 2219 379 2252 Caelestis
403 2220 601 2261 imperatrix,

183 2268 269 2307 Quae
292 2266 480 2303 multiformi
503 2267 607 2309 gratia

182 2314 351 2354 Depressis
376 2315 408 2347 in
434 2315 580 2356 angustia

231 2362 392 2395 Succurrit
416 2363 608 2396 miseratrix.

801 215 833 248 2.
858 213 1004 253 Baptista
1029 213 1145 247 Christi
1169 216 1309 255 praevie,

858 260 1022 300 Laurenti,
1048 264 1171 301 martyr
1193 262 1312 302 inclite,

860 307 910 340 Sit
931 310 1071 339 vestrum
1094 308 1305 348 patrocinium

860 353 991 394 Semper
1014 356 1155 386 nostrum
1179 356 1370 394 praesidium

826 437 832 444 .
859 410 942 449 Quos
968 411 1086 442 direxit
1107 411 1225 451 Anglia

858 456 995 488 Nostrae
1019 457 1130 489 salutis
1155 458 1268 499 gratia,

907 504 966 542 Qui
990 504 1084 536 modo
1107 508 1180 536 sunt
1203 505 1235 536 in
1260 505 1370 544 gloria,

859 550 926 581 Hos
949 551 1086 590 petimus
1110 551 1271 583 humiliter

858 596 902 628 Et
927 598 1082 629 credimus
1099 598 1265 641 stabiliter,

908 644 997 683 Quod
1022 647 1131 677 nostra
1154 646 1219 677 sint
1242 644 1374 687 refugia.

994 729 1199 763 Responsoria.

827 817 834 825 .
861 793 930 826 Rex
953 797 1081 834 rogatus
1104 795 1267 834 reparavit

861 840 1014 881 Regnum,
1041 849 1147 873 caesos
1172 842 1277 873 hostes
1295 842 1409 874 stravit

906 887 1046 920 Directis
1072 887 1270 926 exercitibus,

858 933 943 964 Victi
968 933 1119 973 praedam
1144 935 1363 976 perdiderunt,

863 980 960 1018 Quam
985 989 1043 1019 per
1066 979 1215 1012 fraudem
1235 984 1407 1020 rapuerunt

908 1026 1030 1058 Inferni
1049 1025 1159 1058 fractis
1185 1027 1323 1068 vimbus3

822 1098 829 1105 .
859 1073 1048 1113 Triumphat
1071 1073 1131 1104 Dei
1156 1073 1249 1114 filius,

863 1119 906 1151 Et
929 1129 1059 1160 regnum
1083 1119 1121 1151 fit
1143 1120 1288 1152 stabilius

909 1166 1028 1198 Eiectis
1054 1168 1174 1199 cunctis
1200 1168 1352 1201 hostibus.

827 1247 834 1255 .
861 1222 886 1254 O
912 1223 1069 1261 praeclari

908 1273 1015 1308 patres
1042 1272 1072 1300 et
1096 1270 1206 1308 incliti,

862 1316 1043 1349 Ierarchiae

910 1363 1039 1395 caelesti
1062 1363 1165 1403 inditi,

861 1410 920 1448 Qui
945 1409 1101 1442 Sueonum

906 1457 993 1495 genti
1011 1457 1185 1496 praepositi

862 1503 1019 1535 Erexistis

907 1549 972 1582 fide
995 1550 1154 1590 paracliti,

909 1596 1039 1629 Gratiae
1063 1598 1184 1631 traditi.

822 1668 830 1676 .
862 1643 1064 1676 Confessores

907 1691 1067 1723 Praecelsi
1089 1691 1195 1723 meriti

859 1737 995 1770 Nostros
1019 1747 1121 1770 mores

906 1785 1061 1818 Forment
1081 1786 1220 1818 solliciti.

827 1867 834 1875 .
859 1841 923 1873 Per
947 1845 1072 1874 tuorum

906 1891 1023 1929 tuaque
1044 1889 1184 1931 vulnera,

860 1935 943 1979 Iesu,
969 1939 1077 1968 nostra

907 1984 1034 2016 remitte
1058 1985 1190 2024 scelera,

861 2029 911 2062 Ne
937 2031 1079 2070 captivos

911 2078 1029 2111 ducant
1052 2078 1094 2110 ad
1116 2076 1239 2118 infera3

861 2124 955 2157 Nova
977 2126 1041 2156 sint
1064 2125 1178 2166 omnia,

910 2173 1063 2204 recedant
1086 2176 1205 2206 vetera.

791 2219 828 2254 V,
859 2218 1030 2251 Beatorum

907 2267 1073 2305 praeclara
1098 2276 1196 2307 opera

862 2313 961 2346 Nobis
985 2316 1150 2354 praestent

908 2363 1036 2394 aeterna
1061 2371 1200 2396 munera.
