1655 2534
659 109 891 144 -81—

254 206 298 237 In
324 207 356 238 2.
383 204 613 240 Nocturno.

338 279 531 315 Antiphonae.

139 338 169 369 1.
195 336 318 369 Fervor
341 337 441 368 mirae
466 338 608 369 caritatis

198 384 250 415 Ad
274 391 361 424 spem
385 383 509 415 firmam
530 383 682 416 bonitatis

197 430 309 462 Fidem
337 430 426 462 duxit
451 430 639 463 sanctitatis.

139 489 171 520 2.
195 485 314 518 Mentis
327 489 429 518 motus
443 486 496 518 hic
508 486 746 530 transcendens,

198 534 252 565 Ad
277 534 428 566 virtutum
453 542 557 566 arcem
585 533 729 576 tendens,

198 581 288 633 Vana
311 589 453 620 quaeque
478 581 685 622 vilipendens

142 638 173 669 3.
201 636 345 668 Christus
372 637 466 677 digne
490 636 723 669 commendavit

245 683 330 714 Huic
355 683 486 723 duplum
511 684 674 723 talentum,

198 730 278 768 Quia
301 738 362 761 non
387 730 611 770 multiplicavit

245 776 307 808 Per
321 776 459 818 duplum,
474 777 531 808 sed
543 785 602 815 per
611 779 745 810 centum.

327 850 533 885 Responsoria.

142 908 171 941 1.
198 906 349 947 Coeptum
376 907 439 938 iter
465 908 537 939 dum
562 906 695 947 peregit,

196 954 273 985 Mox
299 953 434 994 benigne
458 963 492 985 se
516 953 641 994 subegit

243 1000 379 1033 Abbatis
403 1002 547 1040 imperio,

198 1047 294 1085 Quem
319 1048 368 1079 vir
392 1050 519 1079 sanctus
546 1049 622 1078 tunc
651 1046 745 1087 elegit

195 1094 337 1126 Mentem
362 1095 427 1126 eius
454 1098 483 1125 et
507 1094 639 1133 impegit

245 1141 320 1173 Mitt
348 1141 517 1181 desiderio,

197 1188 320 1220 Ponens
345 1187 467 1220 firmam
488 1196 576 1227 spem
602 1187 713 1218 salutis

198 1235 237 1266 In
261 1235 436 1274 praeclaris
460 1234 624 1266 institutis.

137 1292 167 1322 2.
198 1290 346 1322 Veritatis
368 1291 420 1322 hic
446 1290 607 1322 confessor

196 1337 363 1377 Regularis
387 1341 419 1369 et
441 1337 605 1378 professor

244 1384 317 1416 Ibat
343 1385 381 1416 de
405 1385 520 1416 virtute

195 1431 233 1462 In
259 1432 407 1463 virtutem
431 1431 631 1463 ascendendo

193 1477 237 1508 Et
262 1487 385 1510 morose
409 1477 599 1510 conferendo

241 1524 379 1557 Verbum
402 1526 435 1557 in
459 1526 570 1558 salute.

125 1571 161 1605 V.
192 1571 323 1606 Doctus,
349 1573 434 1604 mitis
458 1571 633 1612 apparebat

193 1618 238 1650 Et
260 1619 404 1651 indoctos
427 1619 603 1651 instruebat

241 1665 294 1698 Sic
316 1667 492 1705 procedens
517 1669 594 1698 tute.

137 1724 168 1756 3.
196 1722 365 1763 Postquam
387 1723 439 1754 hic
463 1726 512 1754 est
534 1722 719 1754 sublimatus

239 1770 277 1802 In
303 1771 404 1809 gradu
428 1770 609 1809 sacerdotii,

193 1816 260 1849 Deo
284 1817 388 1848 tendit
411 1817 583 1856 inspiratus

238 1864 345 1896 Ductu
369 1863 474 1896 fidelis
499 1864 577 1896 socii

194 1911 385 1954 cluniacum,
412 1912 466 1944 ubi
492 1912 586 1952 digne

190 1959 252 1991 Est
275 1962 438 1999 susceptus
465 1962 496 1990 et
519 1959 654 1999 benigne

237 2006 376 2047 Lapsum
402 2007 545 2039 devitans
571 2007 636 2048 otii,

120 2054 157 2086 V.
189 2053 305 2086 Factus
331 2063 422 2086 verus
446 2054 611 2086 coenobita

190 2101 234 2133 Et
260 2101 418 2134 ferventer
440 2102 471 2133 in
499 2103 559 2134 hac
582 2102 657 2134 vita.

244 2198 291 2229 In
314 2198 345 2229 3.
370 2197 598 2230 Nocturno.

334 2272 514 2308 Antiphoua.

133 2331 163 2362 1.
192 2329 310 2366 Contra
332 2331 441 2363 mundi
465 2333 694 2371 temptamenta

234 2378 414 2414 Prudenter
438 2379 552 2419 agebat

172 2437 300 2465 moves,
315 2436 438 2460 Historiae
451 2437 608 2466 rhythmicae.
637 2436 690 2461 VH.

870 204 914 238 Et
938 204 1041 237 carnis
1068 204 1297 237 delectamenta

919 251 1064 283 Dulciter
1092 251 1248 286 vincebat.

817 319 847 350 2.
874 318 908 350 Si
932 317 1108 359 temptavit,
1135 326 1197 348 non
1223 318 1271 348 est
1294 317 1419 357 mirum,

873 364 969 397 Satan
991 365 1075 396 hunc
1091 364 1290 404 praeclarum
1307 364 1419 407 virum,

921 411 1116 443 Salvatorem
1142 411 1195 450 qui
1221 411 1386 451 temptavit

919 458 963 489 Et
987 467 1057 490 eum
1081 467 1143 490 non
1167 458 1339 497 superavit.

818 525 848 557 3.
874 522 937 555 Hic
962 524 1114 555 talentum
1140 522 1392 554 commendatum

922 570 1059 602 Protulit
1081 571 1122 602 ad
1147 578 1285 602 mensam

876 617 921 650 Et
942 617 1080 650 reddens
1104 617 1347 658 multiplicatum

921 664 1100 704 Reportans
1124 672 1300 703 repensam.

1015 767 1220 802 Responsoria.

816 830 847 866 1.
872 832 949 864 Mox
974 842 992 864 a
1016 833 1080 864 suis
1108 834 1277 865 derelictus

872 880 945 911 Iesu
971 879 1096 911 Christo
1118 882 1167 911 est
1190 880 1346 921 addictus,

874 925 950 957 Cum
975 926 1132 966 propheta
1154 926 1308 966 gloriatur

872 972 930 1012 Qui
955 972 989 1004 in
1013 972 1134 1012 psalmo
1159 973 1207 1003 sic
1230 972 1396 1012 profatur:

802 1018 840 1051 V.
876 1019 1038 1059 Quoniam
1055 1022 1153 1058 pater
1179 1020 1207 1051 et
1229 1021 1333 1051 mater
1349 1029 1422 1051 mea

875 1065 1110 1105 dereliquerunt
1146 1075 1214 1107 me,
1255 1066 1420 1099 Dominus

874 1114 982 1145 autem
1007 1113 1180 1153 assumpsit
1204 1123 1263 1147 me.

816 1179 846 1210 2.
873 1179 979 1210 Hodie
991 1179 1174 1218 praeclarus
1185 1181 1217 1210 et
1224 1181 1420 1212 venerandus

872 1224 991 1259 Christi
1012 1224 1172 1257 confessor
1196 1226 1371 1258 Morandus

873 1272 996 1304 Exutus
1022 1273 1116 1304 armis
1141 1273 1345 1305 terrestribus

871 1319 1058 1359 Triumphat
1082 1320 1115 1351 in
1139 1320 1335 1359 caelestibus,

803 1365 839 1397 V.
872 1366 1007 1399 Securus
1033 1366 1072 1398 de
1096 1367 1229 1398 victoria

871 1413 1057 1446 Delectatur
1079 1414 1113 1445 in
1138 1414 1247 1454 gloria.

813 1479 844 1510 3.
870 1478 1020 1517 Regulari
1047 1478 1215 1518 disciplina

916 1526 1056 1557 Mentem
1082 1526 1155 1557 dum
1175 1526 1320 1565 armavit,

870 1572 945 1604 Cum
971 1573 1094 1604 cervice
1117 1573 1266 1613 resupina

917 1618 1044 1651 Caelum
1069 1620 1249 1660 suspiravit,

795 1666 834 1697 V.
863 1667 973 1698 Mente
996 1669 1064 1699 tota
1088 1670 1120 1698 et
1145 1667 1260 1699 devota

867 1714 992 1746 Christo
1017 1715 1141 1747 solvens
1166 1714 1220 1753 pia
1246 1717 1329 1748 vota.

956 1866 975 1898 I
982 1876 1003 1897 n
1028 1865 1055 1898 L
1064 1875 1112 1897 au
1122 1867 1143 1898 d
1152 1866 1165 1897 i
1174 1866 1194 1897 b
1202 1876 1224 1897 u
1233 1876 1258 1900 s,

1010 1950 1203 1986 Antiphonae.

809 2028 839 2061 1.
866 2028 970 2060 Multa
994 2027 1123 2068 quidem
1145 2028 1179 2059 in
1203 2027 1263 2058 hac
1287 2027 1354 2059 vita

913 2075 976 2107 Hic
1000 2074 1076 2106 fecit
1102 2072 1261 2106 mirabilia

866 2123 910 2155 Et
933 2125 1007 2161 post
1030 2125 1162 2152 mortem
1186 2120 1310 2153 infinita

912 2168 1050 2201 Infirmis
1077 2168 1133 2200 dat
1156 2168 1309 2201 subsidia.

810 2238 841 2268 2.
869 2234 978 2266 Caecis
1005 2235 1099 2275 visus,
1128 2235 1248 2266 claudis
1271 2244 1407 2275 gressus„

919 2281 1032 2314 Surdis
1057 2281 1184 2314 auditus
1210 2282 1365 2322 redditur,

870 2329 927 2362 Vir
950 2329 1077 2361 collisus
1103 2333 1135 2361 et
1158 2329 1304 2362 obsessus

914 2375 992 2409 Eius
1017 2385 1114 2417 prece
1137 2377 1280 2411 solvitur¹
