1655 2534
731 115 989 150 —190—

281 212 362 244 Dum
388 213 446 244 hos
470 218 596 244 sanctos
619 210 768 242 liberavit

330 258 432 290 Carne
455 257 669 297 praepeditos.

250 339 257 346 .
283 314 353 352 Eia,
378 314 474 346 lauda
499 317 530 345 et
555 313 687 351 exsulta,

329 360 353 392 O
379 360 450 392 aula
477 360 630 397 caelestis,

281 406 341 445 En,
373 409 552 438 sanctorum
575 413 694 437 merces
719 404 827 444 multa,

327 452 395 484 Rex
420 457 491 483 tuus
517 454 563 483 est
588 452 689 483 testis.

398 525 443 552 Ad
461 523 638 560 Magnificat.

241 604 249 612 .
282 582 351 613 Vox
375 581 485 613 matris
511 580 662 611 ecclesiae

331 627 430 659 Solito
455 626 498 657 sit
521 627 657 665 suavior,

278 674 355 705 Dies
377 674 472 713 plena
495 672 616 712 gratiae

326 719 429 751 Adest
451 719 522 750 luce
548 719 674 757 clarior,

278 768 315 799 In
340 775 401 805 qua
425 766 549 804 praesul
574 765 703 797 inclitus

324 812 367 844 Et
389 811 516 852 Martyr
540 812 673 851 insignis

281 859 456 891 Coronatur
481 859 621 897 caelitus,

327 907 456 938 Iunctus
479 906 548 937 Deo
575 905 688 946 dignis,

276 953 373 994 Ergo,
400 962 417 983 o
442 952 533 984 beate
557 951 729 995 beatorum,

276 999 354 1031 Esto
372 1007 492 1030 mernor
504 1007 675 1030 memorum
690 1001 823 1031 tuorum.

341 1101 401 1133 Ad
425 1101 686 1134 Matutinum.

404 1175 618 1202 Invitatorium.

275 1231 380 1263 Vitem
406 1240 524 1270 veram,
548 1232 646 1263 vitam
671 1241 789 1264 meram

322 1277 460 1309 Dantem
483 1279 548 1310 suis
565 1279 710 1318 testibus,

274 1324 455 1356 Adoremus
479 1329 512 1356 et
535 1325 698 1357 laudemus

324 1370 509 1404 conformes
536 1372 733 1404 caelestibus.

343 1464 381 1495 In
407 1465 438 1497 1.
463 1464 688 1496 Nocturno.

416 1537 609 1573 Antiphonae.

243 1617 249 1624 .
275 1595 361 1627 Rosa
386 1594 425 1625 de
449 1594 548 1633 spinis
571 1594 720 1633 nascitur,

324 1640 408 1671 Dum
433 1640 539 1671 Sixtus
563 1648 602 1672 ex
626 1641 795 1679 gentilibus

277 1686 466 1718 Christicola
491 1685 636 1724 efficitur,

323 1732 416 1764 Miris
441 1731 586 1772 fragrans
610 1733 790 1764 virtutibus.

244 1813 250 1820 .
274 1787 372 1820 Urbis
397 1788 515 1820 Romae
540 1797 623 1828 papa
646 1787 748 1820 factus

323 1834 368 1865 Ut
392 1835 479 1866 sidus
504 1835 711 1874 resplenduit,

278 1882 313 1913 ln
337 1881 480 1913 adversis
505 1890 662 1921 nunquam
687 1881 805 1914 fractus

321 1927 380 1959 Vir
402 1930 487 1959 totus
507 1929 665 1967 apparuit.

241 2009 248 2018 ,
278 1984 364 2015 Rosa
388 1983 503 2015 rubens
529 1983 710 2015 rubricatur

320 2030 422 2062 Roseo
449 2038 568 2071 cruore,

274 2077 357 2108 Dum
381 2078 430 2108 vir
455 2080 582 2108 sanctus
608 2077 782 2108 decollatur

321 2123 382 2155 Pro
408 2123 526 2155 Christi
552 2132 666 2155 amore.

408 2197 614 2233 Responsoria.

244 2279 250 2286 .
277 2252 409 2284 Sanctus
432 2254 503 2293 iste,
530 2254 582 2293 pie
606 2253 740 2295 Christe,

273 2299 358 2331 Fide
381 2298 484 2338 fortis,
508 2301 588 2332 nihil
612 2301 722 2331 mortis

319 2346 453 2377 Horruit
476 2347 675 2388 supplicium,

885 347 924 379 V.

897 452 929 485 2.

894 1867 926 1899 3.

957 209 1029 240 Stat
1052 215 1110 247 pro
1134 207 1205 246 lege
1230 207 1261 236 et
1284 213 1344 244 pro
1370 211 1466 243 greg-e

952 255 1125 294 Tamquam
1149 260 1268 292 murm,
1295 251 1341 282 sic
1366 258 1495 282 securus

1002 301 1065 333 Per
1088 303 1121 331 te
1145 300 1274 332 vincens
1299 298 1413 337 omnia,

954 348 1105 380 Exsultat
1130 346 1170 378 de
1194 344 1359 384 suppliciis

957 394 1046 426 Sicut
1071 394 1110 425 de
1134 392 1266 424 deliciis

955 450 1042 489 Ignis
1066 458 1172 488 urens,
1199 449 1317 480 Caesar
1341 444 1451 477 furens

955 497 1066 529 Virum
1091 496 1207 527 iustum
1236 502 1294 533 spe
1316 492 1481 524 robustum

1002 543 1153 574 Potenter
1176 540 1371 580 aggreditur,

954 589 1054 621 Modo
1079 588 1174 627 ridet,
1200 587 1293 618 modo
1319 586 1443 627 stridet,

955 635 1098 675 Spondet
1121 643 1197 674 opes
1219 637 1251 664 et
1273 634 1420 671 honores,

1003 682 1067 714 Sed
1091 689 1289 721 nequaquam
1313 678 1461 721 flectitur,

952 729 1068 760 Torret
1091 736 1148 767 per
1171 728 1338 759 innumera

954 776 1193 807 Tormentcrum
1218 782 1344 814 genera.

921 856 929 864 .
954 831 1056 863 Dulce
1080 840 1211 871 granum
1236 830 1370 862 moritur

999 878 1062 910 Per
1084 886 1195 909 manus
1220 875 1412 914 carnificum,

953 925 1016 956 Sed
1041 925 1148 956 statim
1173 924 1350 955 renascitur

999 972 1114 1012 ingens
1140 975 1172 1002 et
1195 968 1405 1010 magnificum,

951 1018 1018 1050 Dat
1044 1019 1171 1049 odorem
1198 1020 1231 1047 et
1254 1024 1400 1055 saporem

999 1065 1036 1096 In
1061 1064 1157 1095 terris
1181 1062 1358 1104 mirificum,

911 1136 919 1144 .
950 1111 1082 1143 Scandit
1106 1110 1212 1143 Sixtus
1236 1110 1457 1149 impermixtus

998 1158 1052 1189 Ad
1076 1166 1205 1196 regnum
1232 1156 1388 1189 deificum.

1015 1298 1060 1330 In
1086 1300 1117 1330 2.
1144 1297 1201 1329 No
1213 1300 1278 1328 ctu
1289 1305 1372 1329 rn0.

1092 1399 1287 1436 Antiphonae.

919 1498 926 1506 .
954 1475 1031 1507 Cum
1054 1476 1138 1507 binis
1165 1477 1349 1508 diaconibus

999 1521 1106 1553 Sixtus
1129 1522 1299 1563 iugulatur,

950 1568 1029 1600 Post
1053 1577 1130 1608 quos
1155 1573 1278 1610 martyr
1301 1570 1433 1602 eximius

996 1614 1186 1647 Laurentius
1212 1620 1347 1651 assatur.

919 1694 926 1702 .
952 1670 1133 1703 Rubicundi
1158 1674 1213 1711 qui
1236 1677 1308 1704 sunt
1332 1673 1387 1705 isti

996 1716 1042 1749 Et
1063 1718 1148 1750 unde
1172 1718 1351 1751 venerunt?

949 1763 993 1795 Hi
1017 1768 1099 1804 sunt,
1125 1766 1179 1805 qui
1202 1775 1262 1805 pro
1286 1767 1355 1807 lege
1381 1768 1502 1801 Christi

998 1810 1187 1851 Sanguinem
1212 1812 1374 1849 fuderunt.

951 1867 1045 1907 Vere,
1074 1867 1208 1908 Christe,
1235 1871 1362 1909 sanguis
1386 1872 1449 1902 iste

996 1913 1135 1945 Tuorum
1158 1914 1301 1947 fidelium

950 1959 1054 1998 Digne
1079 1961 1181 2000 dignis
1207 1961 1308 2002 fulget
1332 1963 1429 2002 siguis

996 2006 1035 2037 Iu
1061 2010 1152 2038 coetu
1176 2007 1329 2041 fidelium.

1079 2099 1286 2135 Responsoria.

917 2190 924 2198 ,
948 2163 1079 2195 Planxit
1101 2174 1178 2204 grex
1205 2169 1356 2202 ecclesiae

995 2210 1160 2245 Pastorem
1184 2214 1267 2254 lupis
1293 2217 1410 2257 datum,

950 2256 1013 2288 Sed
1038 2267 1134 2291 ovans
1158 2261 1268 2294 laudat
1293 2264 1388 2297 hodie

995 2304 1034 2336 In
1060 2306 1155 2338 caelis
1180 2309 1391 2353 sublimatum,

994 2351 1056 2383 Per
1081 2352 1239 2390 Christum
1267 2365 1460 2398 coronatum.
