<?xml version="1.0" encoding="UTF-8"?>
<!DOCTYPE html PUBLIC "-//W3C//DTD XHTML 1.0 Transitional//EN"
    "http://www.w3.org/TR/xhtml1/DTD/xhtml1-transitional.dtd">
<html xmlns="http://www.w3.org/1999/xhtml" xml:lang="en" lang="en">
 <head>
  <title>
</title>
<meta http-equiv="Content-Type" content="text/html;charset=utf-8" />
  <meta name='ocr-system' content='tesseract 3.04.00' />
  <meta name='ocr-capabilities' content='ocr_page ocr_carea ocr_par ocr_line ocrx_word'/>
</head>
<body>
  <div class='ocr_page' id='page_1' title='image "./analectahymnica28drevuoft_00059.png"; bbox 0 0 1655 2534; ppageno 0'>
   <div class='ocr_carea' id='block_1_1' title="bbox 204 349 235 381">
    <p class='ocr_par' dir='ltr' id='par_1_1' title="bbox 204 349 235 381">
     <span class='ocr_line' id='line_1_1' title="bbox 204 349 235 381; baseline -0.032 0"><span class='ocrx_word' id='word_1_1' title='bbox 204 349 235 381; x_wconf 83' lang='lat'>1.</span> 
     </span>
    </p>
   </div>
   <div class='ocr_carea' id='block_1_2' title="bbox 192 1237 231 1268">
    <p class='ocr_par' dir='ltr' id='par_1_2' title="bbox 192 1237 231 1268">
     <span class='ocr_line' id='line_1_2' title="bbox 192 1237 231 1268; baseline 0.026 -1"><span class='ocrx_word' id='word_1_2' title='bbox 192 1237 231 1268; x_wconf 78' lang='lat' dir='ltr'>V.</span> 
     </span>
    </p>
   </div>
   <div class='ocr_carea' id='block_1_3' title="bbox 209 1351 240 1381">
    <p class='ocr_par' dir='ltr' id='par_1_3' title="bbox 209 1351 240 1381">
     <span class='ocr_line' id='line_1_3' title="bbox 209 1351 240 1381; baseline 0.032 -1"><span class='ocrx_word' id='word_1_3' title='bbox 209 1351 240 1381; x_wconf 72' lang='lat'>2,</span> 
     </span>
    </p>
   </div>
   <div class='ocr_carea' id='block_1_4' title="bbox 717 89 949 124">
    <p class='ocr_par' dir='ltr' id='par_1_4' title="bbox 717 89 949 124">
     <span class='ocr_line' id='line_1_4' title="bbox 717 89 949 124; baseline -0.004 -10"><span class='ocrx_word' id='word_1_4' title='bbox 717 89 949 124; x_wconf 68' lang='lat'>—56-</span> 
     </span>
    </p>
   </div>
   <div class='ocr_carea' id='block_1_5' title="bbox 315 187 675 220">
    <p class='ocr_par' dir='ltr' id='par_1_5' title="bbox 315 187 675 220">
     <span class='ocr_line' id='line_1_5' title="bbox 315 187 675 220; baseline -0.011 0"><span class='ocrx_word' id='word_1_5' title='bbox 315 189 362 220; x_wconf 83' lang='lat' dir='ltr'>In</span> <span class='ocrx_word' id='word_1_6' title='bbox 387 187 418 220; x_wconf 81' lang='lat'>1.</span> <span class='ocrx_word' id='word_1_7' title='bbox 443 187 675 219; x_wconf 77' lang='lat' dir='ltr'>Nocturno.</span> 
     </span>
    </p>
   </div>
   <div class='ocr_carea' id='block_1_6' title="bbox 401 278 592 315">
    <p class='ocr_par' dir='ltr' id='par_1_6' title="bbox 401 278 592 315">
     <span class='ocr_line' id='line_1_6' title="bbox 401 278 592 315; baseline -0.016 -8"><span class='ocrx_word' id='word_1_8' title='bbox 401 278 592 315; x_wconf 81' lang='lat' dir='ltr'>Anfiphonae.</span> 
     </span>
    </p>
   </div>
   <div class='ocr_carea' id='block_1_7' title="bbox 260 345 776 519">
    <p class='ocr_par' dir='ltr' id='par_1_7' title="bbox 260 345 776 519">
     <span class='ocr_line' id='line_1_7' title="bbox 261 345 662 386; baseline -0.012 -7"><span class='ocrx_word' id='word_1_9' title='bbox 261 347 378 386; x_wconf 85' lang='lat' dir='ltr'>Magna</span> <span class='ocrx_word' id='word_1_10' title='bbox 400 346 462 378; x_wconf 87' lang='lat' dir='ltr'>Dei</span> <span class='ocrx_word' id='word_1_11' title='bbox 488 345 662 383; x_wconf 82' lang='lat' dir='ltr'>clementia,</span> 
     </span>
     <span class='ocr_line' id='line_1_8' title="bbox 260 391 610 431; baseline -0.017 -5"><span class='ocrx_word' id='word_1_12' title='bbox 260 394 355 427; x_wconf 87' lang='lat' dir='ltr'>Cuius</span> <span class='ocrx_word' id='word_1_13' title='bbox 379 391 610 431; x_wconf 82' lang='lat' dir='ltr'>magnificentia</span> 
     </span>
     <span class='ocr_line' id='line_1_9' title="bbox 263 436 776 472; baseline -0.012 -1"><span class='ocrx_word' id='word_1_14' title='bbox 263 441 408 472; x_wconf 75' lang='lat' dir='ltr'>Sanctam</span> <span class='ocrx_word' id='word_1_15' title='bbox 433 438 589 470; x_wconf 80' lang='lat' dir='ltr'>Marthan]</span> <span class='ocrx_word' id='word_1_16' title='bbox 617 436 776 467; x_wconf 85' lang='lat' dir='ltr'><strong>coronavit</strong></span> 
     </span>
     <span class='ocr_line' id='line_1_10' title="bbox 261 484 658 519; baseline -0.01 -1"><span class='ocrx_word' id='word_1_17' title='bbox 261 487 306 519; x_wconf 86' lang='lat' dir='ltr'>Et</span> <span class='ocrx_word' id='word_1_18' title='bbox 328 487 361 518; x_wconf 91' lang='lat' dir='ltr'>in</span> <span class='ocrx_word' id='word_1_19' title='bbox 387 485 488 517; x_wconf 84' lang='lat' dir='ltr'>caelos</span> <span class='ocrx_word' id='word_1_20' title='bbox 514 484 658 516; x_wconf 87' lang='lat' dir='ltr'>elevavit.</span> 
     </span>
    </p>
   </div>
   <div class='ocr_carea' id='block_1_8' title="bbox 261 548 782 727">
    <p class='ocr_par' dir='ltr' id='par_1_8' title="bbox 261 548 719 675">
     <span class='ocr_line' id='line_1_11' title="bbox 261 548 719 590; baseline -0.013 -7"><span class='ocrx_word' id='word_1_21' title='bbox 261 553 324 584; x_wconf 88' lang='lat' dir='ltr'>Per</span> <span class='ocrx_word' id='word_1_22' title='bbox 349 551 424 590; x_wconf 84' lang='lat' dir='ltr'>eius,</span> <span class='ocrx_word' id='word_1_23' title='bbox 450 549 581 586; x_wconf 79' lang='lat' dir='ltr'>Christe,</span> <span class='ocrx_word' id='word_1_24' title='bbox 608 548 719 578; x_wconf 70' lang='lat' dir='ltr'>merita</span> 
     </span>
     <span class='ocr_line' id='line_1_12' title="bbox 263 594 664 635; baseline -0.015 -5"><span class='ocrx_word' id='word_1_25' title='bbox 263 597 457 634; x_wconf 76' lang='lat' dir='ltr'>Praesentia,</span> <span class='ocrx_word' id='word_1_26' title='bbox 482 594 664 635; x_wconf 76' lang='lat' dir='ltr'>praeterita,</span> 
     </span>
     <span class='ocr_line' id='line_1_13' title="bbox 261 642 577 675; baseline -0.013 0"><span class='ocrx_word' id='word_1_27' title='bbox 261 644 375 675; x_wconf 88' lang='lat' dir='ltr'>Aliena</span> <span class='ocrx_word' id='word_1_28' title='bbox 400 645 432 673; x_wconf 89' lang='lat' dir='ltr'>et</span> <span class='ocrx_word' id='word_1_29' title='bbox 455 642 577 673; x_wconf 85' lang='lat' dir='ltr'>occulta</span> 
     </span>
    </p>

    <p class='ocr_par' dir='ltr' id='par_1_9' title="bbox 261 686 782 727">
     <span class='ocr_line' id='line_1_14' title="bbox 261 686 782 727; baseline -0.006 -6"><span class='ocrx_word' id='word_1_30' title='bbox 261 690 342 722; x_wconf 87' lang='lat' dir='ltr'>Dele</span> <span class='ocrx_word' id='word_1_31' title='bbox 366 690 458 727; x_wconf 84' lang='lat' dir='ltr'>mala,</span> <span class='ocrx_word' id='word_1_32' title='bbox 484 690 558 719; x_wconf 86' lang='lat' dir='ltr'>sunt</span> <span class='ocrx_word' id='word_1_33' title='bbox 578 695 649 718; x_wconf 88' lang='lat' dir='ltr'>nam</span> <span class='ocrx_word' id='word_1_34' title='bbox 674 686 782 718; x_wconf 85' lang='lat' dir='ltr'>multa.</span> 
     </span>
    </p>
   </div>
   <div class='ocr_carea' id='block_1_9' title="bbox 260 751 755 933">
    <p class='ocr_par' dir='ltr' id='par_1_10' title="bbox 260 751 755 933">
     <span class='ocr_line' id='line_1_15' title="bbox 263 751 755 792; baseline -0.008 -6"><span class='ocrx_word' id='word_1_35' title='bbox 263 754 421 786; x_wconf 73' lang='lat' dir='ltr'>Virtutum</span> <span class='ocrx_word' id='word_1_36' title='bbox 448 753 520 791; x_wconf 84' lang='lat' dir='ltr'>dux,</span> <span class='ocrx_word' id='word_1_37' title='bbox 545 761 602 784; x_wconf 78' lang='lat' dir='ltr'>rex</span> <span class='ocrx_word' id='word_1_38' title='bbox 626 751 755 792; x_wconf 82' lang='lat' dir='ltr'>gloriae,</span> 
     </span>
     <span class='ocr_line' id='line_1_16' title="bbox 261 799 749 838; baseline -0.008 -5"><span class='ocrx_word' id='word_1_39' title='bbox 261 802 352 833; x_wconf 87' lang='lat' dir='ltr'>Hanc</span> <span class='ocrx_word' id='word_1_40' title='bbox 377 808 444 831; x_wconf 91' lang='lat' dir='ltr'>cum</span> <span class='ocrx_word' id='word_1_41' title='bbox 469 799 574 838; x_wconf 89' lang='lat' dir='ltr'>palma</span> <span class='ocrx_word' id='word_1_42' title='bbox 599 799 749 830; x_wconf 86' lang='lat' dir='ltr'>victoriae</span> 
     </span>
     <span class='ocr_line' id='line_1_17' title="bbox 260 845 704 885; baseline -0.009 -6"><span class='ocrx_word' id='word_1_43' title='bbox 260 847 517 885; x_wconf 86' lang='lat' dir='ltr'>Triumphantem</span> <span class='ocrx_word' id='word_1_44' title='bbox 541 845 704 882; x_wconf 79' lang='lat' dir='ltr'>laureavit,</span> 
     </span>
     <span class='ocr_line' id='line_1_18' title="bbox 264 892 726 933; baseline -0.006 -8"><span class='ocrx_word' id='word_1_45' title='bbox 264 895 349 933; x_wconf 82' lang='lat' dir='ltr'>Quae</span> <span class='ocrx_word' id='word_1_46' title='bbox 375 893 540 924; x_wconf 83' lang='lat' dir='ltr'>draconem</span> <span class='ocrx_word' id='word_1_47' title='bbox 563 892 726 931; x_wconf 82' lang='lat' dir='ltr'>iugulavit.</span> 
     </span>
    </p>
   </div>
   <div class='ocr_carea' id='block_1_10' title="bbox 399 985 602 1017">
    <p class='ocr_par' dir='ltr' id='par_1_11' title="bbox 399 985 602 1017">
     <span class='ocr_line' id='line_1_19' title="bbox 399 985 602 1017; baseline -0.01 -5"><span class='ocrx_word' id='word_1_48' title='bbox 399 985 602 1017; x_wconf 83' lang='lat' dir='ltr'>Responsoria.</span> 
     </span>
    </p>
   </div>
   <div class='ocr_carea' id='block_1_11' title="bbox 232 1049 787 1090">
    <p class='ocr_par' dir='ltr' id='par_1_12' title="bbox 232 1049 787 1090">
     <span class='ocr_line' id='line_1_20' title="bbox 232 1049 787 1090; baseline -0.004 -8"><span class='ocrx_word' id='word_1_49' title='bbox 232 1075 239 1082; x_wconf 92' lang='lat'>.</span> <span class='ocrx_word' id='word_1_50' title='bbox 267 1051 428 1090; x_wconf 77' lang='lat' dir='ltr'>Quoddam</span> <span class='ocrx_word' id='word_1_51' title='bbox 456 1051 543 1082; x_wconf 83' lang='lat' dir='ltr'>Iesus</span> <span class='ocrx_word' id='word_1_52' title='bbox 566 1051 600 1081; x_wconf 86' lang='lat' dir='ltr'>in</span> <span class='ocrx_word' id='word_1_53' title='bbox 626 1049 787 1081; x_wconf 85' lang='lat' dir='ltr'>castellum</span> 
     </span>
    </p>
   </div>
   <div class='ocr_carea' id='block_1_12' title="bbox 259 1097 733 1322">
    <p class='ocr_par' dir='ltr' id='par_1_13' title="bbox 259 1097 733 1322">
     <span class='ocr_line' id='line_1_21' title="bbox 265 1097 673 1137; baseline -0.005 -8"><span class='ocrx_word' id='word_1_54' title='bbox 265 1097 421 1137; x_wconf 77' lang='lat' dir='ltr'>Introivit,</span> <span class='ocrx_word' id='word_1_55' title='bbox 445 1100 491 1136; x_wconf 90' lang='lat' dir='ltr'>ut,</span> <span class='ocrx_word' id='word_1_56' title='bbox 515 1097 673 1128; x_wconf 84' lang='lat' dir='ltr'>novellum</span> 
     </span>
     <span class='ocr_line' id='line_1_22' title="bbox 265 1143 733 1182; baseline -0.002 -8"><span class='ocrx_word' id='word_1_57' title='bbox 265 1143 401 1175; x_wconf 79' lang='lat' dir='ltr'>Verbum</span> <span class='ocrx_word' id='word_1_58' title='bbox 427 1143 510 1175; x_wconf 89' lang='lat' dir='ltr'>vitae</span> <span class='ocrx_word' id='word_1_59' title='bbox 533 1143 733 1182; x_wconf 77' lang='lat' dir='ltr'>praedicaret</span> 
     </span>
     <span class='ocr_line' id='line_1_23' title="bbox 263 1190 710 1228; baseline -0.002 -7"><span class='ocrx_word' id='word_1_60' title='bbox 263 1190 308 1221; x_wconf 88' lang='lat' dir='ltr'>Et</span> <span class='ocrx_word' id='word_1_61' title='bbox 331 1190 461 1221; x_wconf 88' lang='lat' dir='ltr'>salutem</span> <span class='ocrx_word' id='word_1_62' title='bbox 486 1190 584 1227; x_wconf 84' lang='lat' dir='ltr'>lapsis</span> <span class='ocrx_word' id='word_1_63' title='bbox 610 1190 710 1228; x_wconf 86' lang='lat' dir='ltr'>daret,</span> 
     </span>
     <span class='ocr_line' id='line_1_24' title="bbox 259 1235 714 1276; baseline -0.004 -8"><span class='ocrx_word' id='word_1_64' title='bbox 259 1236 306 1268; x_wconf 83' lang='lat' dir='ltr'>Ut</span> <span class='ocrx_word' id='word_1_65' title='bbox 330 1235 440 1276; x_wconf 82' lang='lat' dir='ltr'>quibus</span> <span class='ocrx_word' id='word_1_66' title='bbox 465 1244 555 1267; x_wconf 86' lang='lat' dir='ltr'>casus</span> <span class='ocrx_word' id='word_1_67' title='bbox 579 1235 714 1276; x_wconf 83' lang='lat' dir='ltr'>gravior,</span> 
     </span>
     <span class='ocr_line' id='line_1_25' title="bbox 263 1282 606 1322; baseline 0.003 -8"><span class='ocrx_word' id='word_1_68' title='bbox 263 1283 391 1314; x_wconf 80' lang='lat' dir='ltr'>Erectio</span> <span class='ocrx_word' id='word_1_69' title='bbox 416 1283 457 1314; x_wconf 88' lang='lat' dir='ltr'>sit</span> <span class='ocrx_word' id='word_1_70' title='bbox 479 1282 606 1322; x_wconf 86' lang='lat' dir='ltr'>gratior.</span> 
     </span>
    </p>
   </div>
   <div class='ocr_carea' id='block_1_13' title="bbox 261 1347 808 1617">
    <p class='ocr_par' dir='ltr' id='par_1_14' title="bbox 263 1347 696 1433">
     <span class='ocr_line' id='line_1_26' title="bbox 264 1347 696 1388; baseline -0.005 -9"><span class='ocrx_word' id='word_1_71' title='bbox 264 1349 346 1379; x_wconf 91' lang='lat' dir='ltr'>Alvo</span> <span class='ocrx_word' id='word_1_72' title='bbox 372 1347 502 1388; x_wconf 88' lang='lat' dir='ltr'>virginis</span> <span class='ocrx_word' id='word_1_73' title='bbox 528 1350 696 1386; x_wconf 78' lang='lat' dir='ltr'>conceptus</span> 
     </span>
     <span class='ocr_line' id='line_1_27' title="bbox 263 1394 676 1433; baseline -0.005 -7"><span class='ocrx_word' id='word_1_74' title='bbox 263 1394 448 1433; x_wconf 83' lang='lat' dir='ltr'>Hospitatus</span> <span class='ocrx_word' id='word_1_75' title='bbox 474 1397 506 1424; x_wconf 90' lang='lat' dir='ltr'>et</span> <span class='ocrx_word' id='word_1_76' title='bbox 529 1396 676 1432; x_wconf 88' lang='lat' dir='ltr'>acceptus</span> 
     </span>
    </p>

    <p class='ocr_par' dir='ltr' id='par_1_15' title="bbox 261 1440 808 1574">
     <span class='ocr_line' id='line_1_28' title="bbox 261 1440 808 1481; baseline 0 -9"><span class='ocrx_word' id='word_1_77' title='bbox 261 1441 323 1472; x_wconf 62' lang='lat' dir='ltr'>Est</span> <span class='ocrx_word' id='word_1_78' title='bbox 343 1441 375 1472; x_wconf 85' lang='lat' dir='ltr'>in</span> <span class='ocrx_word' id='word_1_79' title='bbox 399 1442 528 1471; x_wconf 77' lang='lat' dir='ltr'>sanctae</span> <span class='ocrx_word' id='word_1_80' title='bbox 541 1440 689 1471; x_wconf 76' lang='lat' dir='ltr'>Marthae</span> <span class='ocrx_word' id='word_1_81' title='bbox 706 1440 808 1481; x_wconf 85' lang='lat' dir='ltr'>domo,</span> 
     </span>
     <span class='ocr_line' id='line_1_29' title="bbox 263 1486 736 1525; baseline -0.002 -7"><span class='ocrx_word' id='word_1_82' title='bbox 263 1488 362 1518; x_wconf 84' lang='lat' dir='ltr'>Verus</span> <span class='ocrx_word' id='word_1_83' title='bbox 387 1486 484 1525; x_wconf 82' lang='lat' dir='ltr'>Deus,</span> <span class='ocrx_word' id='word_1_84' title='bbox 509 1494 603 1516; x_wconf 86' lang='lat' dir='ltr'>verus</span> <span class='ocrx_word' id='word_1_85' title='bbox 627 1486 736 1525; x_wconf 84' lang='lat' dir='ltr'>h0m03</span> 
     </span>
     <span class='ocr_line' id='line_1_30' title="bbox 264 1532 706 1574; baseline -0.007 -9"><span class='ocrx_word' id='word_1_86' title='bbox 264 1533 313 1565; x_wconf 88' lang='lat' dir='ltr'>De</span> <span class='ocrx_word' id='word_1_87' title='bbox 337 1532 458 1571; x_wconf 85' lang='lat' dir='ltr'>virgine</span> <span class='ocrx_word' id='word_1_88' title='bbox 481 1533 534 1571; x_wconf 90' lang='lat' dir='ltr'>qui</span> <span class='ocrx_word' id='word_1_89' title='bbox 558 1532 706 1574; x_wconf 86' lang='lat' dir='ltr'>nascitur,</span> 
     </span>
    </p>

    <p class='ocr_par' dir='ltr' id='par_1_16' title="bbox 262 1578 738 1617">
     <span class='ocr_line' id='line_1_31' title="bbox 262 1578 738 1617; baseline 0 -7"><span class='ocrx_word' id='word_1_90' title='bbox 262 1580 296 1610; x_wconf 82' lang='lat' dir='ltr'>Is</span> <span class='ocrx_word' id='word_1_91' title='bbox 320 1579 391 1610; x_wconf 87' lang='lat' dir='ltr'>cibo</span> <span class='ocrx_word' id='word_1_92' title='bbox 414 1579 563 1610; x_wconf 78' lang='lat' dir='ltr'>Marthae</span> <span class='ocrx_word' id='word_1_93' title='bbox 586 1578 738 1617; x_wconf 82' lang='lat' dir='ltr'>pascitur.</span> 
     </span>
    </p>
   </div>
   <div class='ocr_carea' id='block_1_14' title="bbox 230 1644 727 1684">
    <p class='ocr_par' dir='ltr' id='par_1_17' title="bbox 230 1644 727 1684">
     <span class='ocr_line' id='line_1_32' title="bbox 230 1644 727 1684; baseline -0.004 -7"><span class='ocrx_word' id='word_1_94' title='bbox 230 1671 237 1677; x_wconf 95' lang='lat'><em>.</em></span> <span class='ocrx_word' id='word_1_95' title='bbox 263 1645 345 1676; x_wconf 86' lang='lat' dir='ltr'>Dum</span> <span class='ocrx_word' id='word_1_96' title='bbox 369 1644 499 1684; x_wconf 82' lang='lat' dir='ltr'>paratur</span> <span class='ocrx_word' id='word_1_97' title='bbox 523 1652 617 1683; x_wconf 78' lang='lat' dir='ltr'>aegro</span> <span class='ocrx_word' id='word_1_98' title='bbox 640 1652 727 1684; x_wconf 76' lang='lat' dir='ltr'>cena,</span> 
     </span>
    </p>
   </div>
   <div class='ocr_carea' id='block_1_15' title="bbox 262 1689 808 1916">
    <p class='ocr_par' dir='ltr' id='par_1_18' title="bbox 264 1689 739 1778">
     <span class='ocr_line' id='line_1_33' title="bbox 265 1689 739 1729; baseline 0 -7"><span class='ocrx_word' id='word_1_99' title='bbox 265 1691 360 1722; x_wconf 87' lang='lat' dir='ltr'>Soror</span> <span class='ocrx_word' id='word_1_100' title='bbox 378 1689 525 1722; x_wconf 82' lang='lat' dir='ltr'>Marthae</span> <span class='ocrx_word' id='word_1_101' title='bbox 548 1690 739 1729; x_wconf 84' lang='lat' dir='ltr'>Magdalena</span> 
     </span>
     <span class='ocr_line' id='line_1_34' title="bbox 264 1737 688 1778; baseline -0.005 -9"><span class='ocrx_word' id='word_1_102' title='bbox 264 1738 336 1769; x_wconf 88' lang='lat' dir='ltr'>Iesu</span> <span class='ocrx_word' id='word_1_103' title='bbox 359 1737 456 1776; x_wconf 87' lang='lat' dir='ltr'>pedes</span> <span class='ocrx_word' id='word_1_104' title='bbox 481 1737 688 1778; x_wconf 74' lang='lat' dir='ltr'>amplexatur,</span> 
     </span>
    </p>

    <p class='ocr_par' dir='ltr' id='par_1_19' title="bbox 262 1782 808 1916">
     <span class='ocr_line' id='line_1_35' title="bbox 264 1782 808 1825; baseline 0 -10"><span class='ocrx_word' id='word_1_105' title='bbox 264 1783 327 1816; x_wconf 81' lang='lat' dir='ltr'>Sed</span> <span class='ocrx_word' id='word_1_106' title='bbox 344 1792 401 1822; x_wconf 86' lang='lat' dir='ltr'>per</span> <span class='ocrx_word' id='word_1_107' title='bbox 417 1783 576 1814; x_wconf 84' lang='lat' dir='ltr'>Martham</span> <span class='ocrx_word' id='word_1_108' title='bbox 594 1782 808 1825; x_wconf 74' lang='lat' dir='ltr'>ministratur-3</span> 
     </span>
     <span class='ocr_line' id='line_1_36' title="bbox 262 1830 704 1872; baseline -0.005 -10"><span class='ocrx_word' id='word_1_109' title='bbox 262 1830 390 1862; x_wconf 83' lang='lat' dir='ltr'>Martha</span> <span class='ocrx_word' id='word_1_110' title='bbox 414 1830 503 1869; x_wconf 87' lang='lat' dir='ltr'>pavit</span> <span class='ocrx_word' id='word_1_111' title='bbox 527 1830 704 1872; x_wconf 78' lang='lat' dir='ltr'>carnaliter,</span> 
     </span>
     <span class='ocr_line' id='line_1_37' title="bbox 263 1876 725 1916; baseline 0 -7"><span class='ocrx_word' id='word_1_112' title='bbox 263 1878 352 1909; x_wconf 89' lang='lat' dir='ltr'>Haec</span> <span class='ocrx_word' id='word_1_113' title='bbox 374 1876 515 1916; x_wconf 86' lang='lat' dir='ltr'>pascitur</span> <span class='ocrx_word' id='word_1_114' title='bbox 537 1876 725 1909; x_wconf 70' lang='lat' dir='ltr'>mentaliter,</span> 
     </span>
    </p>
   </div>
   <div class='ocr_carea' id='block_1_16' title="bbox 316 2025 673 2059">
    <p class='ocr_par' dir='ltr' id='par_1_20' title="bbox 316 2025 673 2059">
     <span class='ocr_line' id='line_1_38' title="bbox 316 2025 673 2059; baseline 0 -1"><span class='ocrx_word' id='word_1_115' title='bbox 316 2027 362 2059; x_wconf 87' lang='lat' dir='ltr'>In</span> <span class='ocrx_word' id='word_1_116' title='bbox 389 2028 420 2057; x_wconf 89' lang='lat'>2.</span> <span class='ocrx_word' id='word_1_117' title='bbox 446 2025 673 2058; x_wconf 83' lang='lat' dir='ltr'>Nocturno.</span> 
     </span>
    </p>
   </div>
   <div class='ocr_carea' id='block_1_17' title="bbox 400 2118 594 2154">
    <p class='ocr_par' dir='ltr' id='par_1_21' title="bbox 400 2118 594 2154">
     <span class='ocr_line' id='line_1_39' title="bbox 400 2118 594 2154; baseline 0.005 -9"><span class='ocrx_word' id='word_1_118' title='bbox 400 2118 594 2154; x_wconf 81' lang='lat' dir='ltr'>Antiphonae.</span> 
     </span>
    </p>
   </div>
   <div class='ocr_carea' id='block_1_18' title="bbox 227 2185 661 2226">
    <p class='ocr_par' dir='ltr' id='par_1_22' title="bbox 227 2185 661 2226">
     <span class='ocr_line' id='line_1_40' title="bbox 227 2185 661 2226; baseline -0.002 -9"><span class='ocrx_word' id='word_1_119' title='bbox 227 2211 234 2217; x_wconf 92' lang='lat'><strong>.</strong></span> <span class='ocrx_word' id='word_1_120' title='bbox 262 2185 375 2224; x_wconf 84' lang='lat' dir='ltr'>Maria,</span> <span class='ocrx_word' id='word_1_121' title='bbox 401 2185 484 2225; x_wconf 86' lang='lat' dir='ltr'>quod</span> <span class='ocrx_word' id='word_1_122' title='bbox 507 2186 661 2226; x_wconf 84' lang='lat' dir='ltr'>audierat,</span> 
     </span>
    </p>
   </div>
   <div class='ocr_carea' id='block_1_19' title="bbox 261 2232 807 2360">
    <p class='ocr_par' dir='ltr' id='par_1_23' title="bbox 261 2232 807 2360">
     <span class='ocr_line' id='line_1_41' title="bbox 262 2232 729 2273; baseline 0.002 -10"><span class='ocrx_word' id='word_1_123' title='bbox 262 2232 376 2272; x_wconf 88' lang='lat' dir='ltr'>Iesum,</span> <span class='ocrx_word' id='word_1_124' title='bbox 403 2241 492 2271; x_wconf 89' lang='lat' dir='ltr'>quem</span> <span class='ocrx_word' id='word_1_125' title='bbox 518 2232 729 2273; x_wconf 81' lang='lat' dir='ltr'>concupierat,</span> 
     </span>
     <span class='ocr_line' id='line_1_42' title="bbox 261 2278 723 2320; baseline 0.002 -11"><span class='ocrx_word' id='word_1_126' title='bbox 261 2278 401 2311; x_wconf 81' lang='lat' dir='ltr'>Verbum</span> <span class='ocrx_word' id='word_1_127' title='bbox 422 2279 535 2311; x_wconf 87' lang='lat' dir='ltr'>sedens</span> <span class='ocrx_word' id='word_1_128' title='bbox 560 2279 723 2320; x_wconf 72' lang='lat' dir='ltr'>eructavit,</span> 
     </span>
     <span class='ocr_line' id='line_1_43' title="bbox 265 2325 807 2360; baseline 0.002 -2"><span class='ocrx_word' id='word_1_129' title='bbox 265 2325 328 2358; x_wconf 86' lang='lat' dir='ltr'>Sed</span> <span class='ocrx_word' id='word_1_130' title='bbox 353 2329 439 2357; x_wconf 84' lang='lat' dir='ltr'>stans</span> <span class='ocrx_word' id='word_1_131' title='bbox 455 2326 585 2360; x_wconf 82' lang='lat' dir='ltr'>Martha</span> <span class='ocrx_word' id='word_1_132' title='bbox 607 2327 807 2360; x_wconf 82' lang='lat' dir='ltr'>ministravit.</span> 
     </span>
    </p>
   </div>
   <div class='ocr_carea' id='block_1_20' title="bbox 875 178 1253 214">
    <p class='ocr_par' dir='ltr' id='par_1_24' title="bbox 875 178 1253 214">
     <span class='ocr_line' id='line_1_44' title="bbox 875 178 1253 214; baseline -0.011 0"><span class='ocrx_word' id='word_1_133' title='bbox 875 184 906 214; x_wconf 87' lang='lat'>2.</span> <span class='ocrx_word' id='word_1_134' title='bbox 930 182 969 214; x_wconf 90' lang='lat' dir='ltr'>In</span> <span class='ocrx_word' id='word_1_135' title='bbox 992 188 1054 211; x_wconf 90' lang='lat' dir='ltr'>uno</span> <span class='ocrx_word' id='word_1_136' title='bbox 1075 178 1253 211; x_wconf 85' lang='lat' dir='ltr'>necessario</span> 
     </span>
    </p>
   </div>
   <div class='ocr_carea' id='block_1_21' title="bbox 865 1150 901 1184">
    <p class='ocr_par' dir='ltr' id='par_1_25' title="bbox 865 1150 901 1184">
     <span class='ocr_line' id='line_1_45' title="bbox 865 1150 901 1184; baseline 0.083 -3"><span class='ocrx_word' id='word_1_137' title='bbox 865 1150 901 1184; x_wconf 92' lang='lat' dir='ltr'>V.</span> 
     </span>
    </p>
   </div>
   <div class='ocr_carea' id='block_1_22' title="bbox 864 1448 903 1481">
    <p class='ocr_par' dir='ltr' id='par_1_26' title="bbox 864 1448 903 1481">
     <span class='ocr_line' id='line_1_46' title="bbox 864 1448 903 1481; baseline 0.026 -1"><span class='ocrx_word' id='word_1_138' title='bbox 864 1448 903 1481; x_wconf 79' lang='lat' dir='ltr'>V.</span> 
     </span>
    </p>
   </div>
   <div class='ocr_carea' id='block_1_23' title="bbox 931 225 1437 359">
    <p class='ocr_par' dir='ltr' id='par_1_27' title="bbox 931 225 1437 359">
     <span class='ocr_line' id='line_1_47' title="bbox 931 225 1278 265; baseline -0.014 -5"><span class='ocrx_word' id='word_1_139' title='bbox 931 227 1039 260; x_wconf 84' lang='lat' dir='ltr'>Maria</span> <span class='ocrx_word' id='word_1_140' title='bbox 1062 228 1163 265; x_wconf 86' lang='lat' dir='ltr'>vacat,</span> <span class='ocrx_word' id='word_1_141' title='bbox 1190 225 1278 257; x_wconf 88' lang='lat' dir='ltr'>vario</span> 
     </span>
     <span class='ocr_line' id='line_1_48' title="bbox 932 270 1437 307; baseline -0.01 -1"><span class='ocrx_word' id='word_1_142' title='bbox 932 276 978 307; x_wconf 87' lang='lat' dir='ltr'>At</span> <span class='ocrx_word' id='word_1_143' title='bbox 1002 282 1071 305; x_wconf 87' lang='lat' dir='ltr'>cum</span> <span class='ocrx_word' id='word_1_144' title='bbox 1095 272 1225 305; x_wconf 83' lang='lat' dir='ltr'>Martha</span> <span class='ocrx_word' id='word_1_145' title='bbox 1249 270 1437 303; x_wconf 84' lang='lat' dir='ltr'>turbabatur</span> 
     </span>
     <span class='ocr_line' id='line_1_49' title="bbox 934 320 1342 359; baseline -0.01 -6"><span class='ocrx_word' id='word_1_146' title='bbox 934 322 978 353; x_wconf 87' lang='lat' dir='ltr'>Et</span> <span class='ocrx_word' id='word_1_147' title='bbox 1000 320 1103 352; x_wconf 85' lang='lat' dir='ltr'>iuvari</span> <span class='ocrx_word' id='word_1_148' title='bbox 1128 328 1163 351; x_wconf 88' lang='lat' dir='ltr'>se</span> <span class='ocrx_word' id='word_1_149' title='bbox 1186 320 1342 359; x_wconf 86' lang='lat' dir='ltr'>speratur.</span> 
     </span>
    </p>
   </div>
   <div class='ocr_carea' id='block_1_24' title="bbox 931 383 1445 566">
    <p class='ocr_par' dir='ltr' id='par_1_28' title="bbox 931 383 1445 472">
     <span class='ocr_line' id='line_1_50' title="bbox 931 383 1445 424; baseline -0.012 -5"><span class='ocrx_word' id='word_1_150' title='bbox 931 386 1080 419; x_wconf 87' lang='lat' dir='ltr'>Marthae</span> <span class='ocrx_word' id='word_1_151' title='bbox 1102 394 1164 417; x_wconf 90' lang='lat' dir='ltr'>non</span> <span class='ocrx_word' id='word_1_152' title='bbox 1189 383 1445 424; x_wconf 86' lang='lat' dir='ltr'>reprehenditur,</span> 
     </span>
     <span class='ocr_line' id='line_1_51' title="bbox 932 431 1364 472; baseline -0.009 -7"><span class='ocrx_word' id='word_1_153' title='bbox 932 433 1055 465; x_wconf 85' lang='lat' dir='ltr'>Mariae</span> <span class='ocrx_word' id='word_1_154' title='bbox 1078 441 1153 471; x_wconf 87' lang='lat' dir='ltr'>pars</span> <span class='ocrx_word' id='word_1_155' title='bbox 1178 431 1364 472; x_wconf 85' lang='lat' dir='ltr'>rependitur</span> 
     </span>
    </p>

    <p class='ocr_par' dir='ltr' id='par_1_29' title="bbox 932 477 1379 566">
     <span class='ocr_line' id='line_1_52' title="bbox 932 477 1379 519; baseline -0.009 -8"><span class='ocrx_word' id='word_1_156' title='bbox 932 480 969 511; x_wconf 88' lang='lat' dir='ltr'>In</span> <span class='ocrx_word' id='word_1_157' title='bbox 994 480 1139 519; x_wconf 78' lang='lat' dir='ltr'>supernis</span> <span class='ocrx_word' id='word_1_158' title='bbox 1166 477 1379 510; x_wconf 81' lang='lat' dir='ltr'>fundamentis</span> 
     </span>
     <span class='ocr_line' id='line_1_53' title="bbox 933 525 1343 566; baseline -0.002 -8"><span class='ocrx_word' id='word_1_159' title='bbox 933 527 1046 558; x_wconf 72' lang='lat' dir='ltr'>Portas</span> <span class='ocrx_word' id='word_1_160' title='bbox 1071 525 1146 557; x_wconf 81' lang='lat' dir='ltr'>Sion</span> <span class='ocrx_word' id='word_1_161' title='bbox 1172 525 1343 566; x_wconf 73' lang='lat' dir='ltr'>diligentie.</span> 
     </span>
    </p>
   </div>
   <div class='ocr_carea' id='block_1_25' title="bbox 1072 599 1277 633">
    <p class='ocr_par' dir='ltr' id='par_1_30' title="bbox 1072 599 1277 633">
     <span class='ocr_line' id='line_1_54' title="bbox 1072 599 1277 633; baseline 0 -8"><span class='ocrx_word' id='word_1_162' title='bbox 1072 599 1277 633; x_wconf 78' lang='lat' dir='ltr'>Responsoria.</span> 
     </span>
    </p>
   </div>
   <div class='ocr_carea' id='block_1_26' title="bbox 899 663 1483 697">
    <p class='ocr_par' dir='ltr' id='par_1_31' title="bbox 899 663 1483 697">
     <span class='ocr_line' id='line_1_55' title="bbox 899 663 1483 697; baseline -0.005 0"><span class='ocrx_word' id='word_1_163' title='bbox 899 689 906 696; x_wconf 94' lang='lat'><strong><em>.</em></strong></span> <span class='ocrx_word' id='word_1_164' title='bbox 933 666 986 697; x_wconf 88' lang='lat' dir='ltr'>Ad</span> <span class='ocrx_word' id='word_1_165' title='bbox 1003 665 1108 697; x_wconf 86' lang='lat' dir='ltr'>Iesum</span> <span class='ocrx_word' id='word_1_166' title='bbox 1133 663 1212 696; x_wconf 88' lang='lat' dir='ltr'>flens</span> <span class='ocrx_word' id='word_1_167' title='bbox 1240 664 1322 696; x_wconf 79' lang='lat' dir='ltr'>dixit</span> <span class='ocrx_word' id='word_1_168' title='bbox 1336 663 1483 695; x_wconf 85' lang='lat' dir='ltr'>Martha:</span> 
     </span>
    </p>
   </div>
   <div class='ocr_carea' id='block_1_27' title="bbox 932 712 1485 932">
    <p class='ocr_par' dir='ltr' id='par_1_32' title="bbox 932 712 1485 893">
     <span class='ocr_line' id='line_1_56' title="bbox 932 712 1384 752; baseline -0.004 -8"><span class='ocrx_word' id='word_1_169' title='bbox 932 713 1026 752; x_wconf 79' lang='lat' dir='ltr'>Ecce,</span> <span class='ocrx_word' id='word_1_170' title='bbox 1054 712 1121 743; x_wconf 90' lang='lat' dir='ltr'>dies</span> <span class='ocrx_word' id='word_1_171' title='bbox 1146 712 1237 743; x_wconf 86' lang='lat' dir='ltr'>adest</span> <span class='ocrx_word' id='word_1_172' title='bbox 1261 713 1384 751; x_wconf 84' lang='lat' dir='ltr'>quarta,</span> 
     </span>
     <span class='ocr_line' id='line_1_57' title="bbox 934 757 1485 797; baseline -0.004 -7"><span class='ocrx_word' id='word_1_173' title='bbox 934 759 1023 797; x_wconf 73' lang='lat' dir='ltr'>Quod</span> <span class='ocrx_word' id='word_1_174' title='bbox 1042 758 1208 791; x_wconf 74' lang='lat' dir='ltr'>defunctus</span> <span class='ocrx_word' id='word_1_175' title='bbox 1226 762 1274 790; x_wconf 80' lang='lat' dir='ltr'>est</span> <span class='ocrx_word' id='word_1_176' title='bbox 1289 760 1349 789; x_wconf 84' lang='lat' dir='ltr'>mis</span> <span class='ocrx_word' id='word_1_177' title='bbox 1366 757 1485 796; x_wconf 85' lang='lat' dir='ltr'>frater;</span> 
     </span>
     <span class='ocr_line' id='line_1_58' title="bbox 934 804 1360 847; baseline -0.005 -9"><span class='ocrx_word' id='word_1_178' title='bbox 934 806 959 838; x_wconf 96' lang='grc' dir='ltr'>Ο</span> <span class='ocrx_word' id='word_1_179' title='bbox 981 806 1008 837; x_wconf 90' lang='lat' dir='ltr'>si</span> <span class='ocrx_word' id='word_1_180' title='bbox 1033 805 1085 837; x_wconf 83' lang='lat' dir='ltr'>hie</span> <span class='ocrx_word' id='word_1_181' title='bbox 1107 804 1231 847; x_wconf 80' lang='lat' dir='ltr'>fuisses,</span> <span class='ocrx_word' id='word_1_182' title='bbox 1257 808 1360 845; x_wconf 86' lang='lat' dir='ltr'>pater,</span> 
     </span>
     <span class='ocr_line' id='line_1_59' title="bbox 932 853 1350 893; baseline -0.002 -9"><span class='ocrx_word' id='word_1_183' title='bbox 932 853 1081 893; x_wconf 85' lang='lat' dir='ltr'>Lazarus,</span> <span class='ocrx_word' id='word_1_184' title='bbox 1107 853 1244 884; x_wconf 87' lang='lat' dir='ltr'>servitor</span> <span class='ocrx_word' id='word_1_185' title='bbox 1268 854 1350 890; x_wconf 90' lang='lat' dir='ltr'>tuus,</span> 
     </span>
    </p>

    <p class='ocr_par' dir='ltr' id='par_1_33' title="bbox 934 898 1319 932">
     <span class='ocr_line' id='line_1_60' title="bbox 934 898 1319 932; baseline 0 -1"><span class='ocrx_word' id='word_1_186' title='bbox 934 899 1007 931; x_wconf 83' lang='lat' dir='ltr'>Non</span> <span class='ocrx_word' id='word_1_187' title='bbox 1032 898 1145 931; x_wconf 81' lang='lat' dir='ltr'>fuisset</span> <span class='ocrx_word' id='word_1_188' title='bbox 1167 902 1319 932; x_wconf 80' lang='lat' dir='ltr'>mortuus,</span> 
     </span>
    </p>
   </div>
   <div class='ocr_carea' id='block_1_28' title="bbox 902 963 1487 1003">
    <p class='ocr_par' dir='ltr' id='par_1_34' title="bbox 902 963 1487 1003">
     <span class='ocr_line' id='line_1_61' title="bbox 902 963 1487 1003; baseline -0.002 -6"><span class='ocrx_word' id='word_1_189' title='bbox 902 990 909 997; x_wconf 93' lang='lat'><strong><em>.</em></strong></span> <span class='ocrx_word' id='word_1_190' title='bbox 936 964 995 1002; x_wconf 73' lang='lat' dir='ltr'>Qui</span> <span class='ocrx_word' id='word_1_191' title='bbox 1021 973 1201 1003; x_wconf 84' lang='lat' dir='ltr'>compassus</span> <span class='ocrx_word' id='word_1_192' title='bbox 1224 964 1374 997; x_wconf 83' lang='lat' dir='ltr'>Marthae</span> <span class='ocrx_word' id='word_1_193' title='bbox 1397 963 1487 996; x_wconf 88' lang='lat' dir='ltr'>flenti</span> 
     </span>
    </p>
   </div>
   <div class='ocr_carea' id='block_1_29' title="bbox 933 1010 1380 1231">
    <p class='ocr_par' dir='ltr' id='par_1_35' title="bbox 933 1010 1380 1231">
     <span class='ocr_line' id='line_1_62' title="bbox 934 1010 1371 1051; baseline 0 -10"><span class='ocrx_word' id='word_1_194' title='bbox 934 1010 1131 1042; x_wconf 83' lang='lat' dir='ltr'>Lacrimatus</span> <span class='ocrx_word' id='word_1_195' title='bbox 1158 1020 1227 1042; x_wconf 87' lang='lat' dir='ltr'>cum</span> <span class='ocrx_word' id='word_1_196' title='bbox 1251 1012 1371 1051; x_wconf 84' lang='lat' dir='ltr'>ingenti</span> 
     </span>
     <span class='ocr_line' id='line_1_63' title="bbox 935 1058 1380 1091; baseline 0.002 -3"><span class='ocrx_word' id='word_1_197' title='bbox 935 1058 1020 1088; x_wconf 88' lang='lat' dir='ltr'>Voce</span> <span class='ocrx_word' id='word_1_198' title='bbox 1043 1066 1165 1089; x_wconf 89' lang='lat' dir='ltr'>sursum</span> <span class='ocrx_word' id='word_1_199' title='bbox 1192 1058 1380 1091; x_wconf 87' lang='lat' dir='ltr'>exclamavit</span> 
     </span>
     <span class='ocr_line' id='line_1_64' title="bbox 933 1103 1346 1148; baseline 0.007 -14"><span class='ocrx_word' id='word_1_200' title='bbox 933 1103 1150 1143; x_wconf 75' lang='lat' dir='ltr'>Lazarmnque</span> <span class='ocrx_word' id='word_1_201' title='bbox 1172 1105 1346 1148; x_wconf 85' lang='lat' dir='ltr'>suscitavit,</span> 
     </span>
     <span class='ocr_line' id='line_1_65' title="bbox 933 1150 1328 1191; baseline 0.005 -10"><span class='ocrx_word' id='word_1_202' title='bbox 933 1150 1012 1190; x_wconf 86' lang='lat' dir='ltr'>Spes</span> <span class='ocrx_word' id='word_1_203' title='bbox 1035 1151 1105 1191; x_wconf 83' lang='lat' dir='ltr'>ipse</span> <span class='ocrx_word' id='word_1_204' title='bbox 1129 1152 1328 1183; x_wconf 88' lang='lat' dir='ltr'>morientium</span> 
     </span>
     <span class='ocr_line' id='line_1_66' title="bbox 933 1197 1368 1231; baseline 0.007 -3"><span class='ocrx_word' id='word_1_205' title='bbox 933 1197 978 1228; x_wconf 87' lang='lat' dir='ltr'>Et</span> <span class='ocrx_word' id='word_1_206' title='bbox 1001 1197 1067 1229; x_wconf 85' lang='lat' dir='ltr'>vit-a</span> <span class='ocrx_word' id='word_1_207' title='bbox 1092 1204 1140 1229; x_wconf 88' lang='lat' dir='ltr'>est</span> <span class='ocrx_word' id='word_1_208' title='bbox 1164 1199 1368 1231; x_wconf 88' lang='lat' dir='ltr'>credentium.</span> 
     </span>
    </p>
   </div>
   <div class='ocr_carea' id='block_1_30' title="bbox 901 1262 1392 1304">
    <p class='ocr_par' dir='ltr' id='par_1_36' title="bbox 901 1262 1392 1304">
     <span class='ocr_line' id='line_1_67' title="bbox 901 1262 1392 1304; baseline 0 -9"><span class='ocrx_word' id='word_1_209' title='bbox 901 1287 908 1295; x_wconf 90' lang='lat'><em>.</em></span> <span class='ocrx_word' id='word_1_210' title='bbox 934 1262 1008 1294; x_wconf 82' lang='lat' dir='ltr'>Hoc</span> <span class='ocrx_word' id='word_1_211' title='bbox 1031 1263 1141 1294; x_wconf 87' lang='lat' dir='ltr'>Iudaei</span> <span class='ocrx_word' id='word_1_212' title='bbox 1165 1267 1392 1304; x_wconf 88' lang='lat' dir='ltr'>persenserunt</span> 
     </span>
    </p>
   </div>
   <div class='ocr_carea' id='block_1_31' title="bbox 933 1309 1443 1532">
    <p class='ocr_par' dir='ltr' id='par_1_37' title="bbox 933 1309 1443 1399">
     <span class='ocr_line' id='line_1_68' title="bbox 934 1309 1443 1348; baseline 0.006 -8"><span class='ocrx_word' id='word_1_213' title='bbox 934 1309 1074 1348; x_wconf 78' lang='lat' dir='ltr'>Moxque</span> <span class='ocrx_word' id='word_1_214' title='bbox 1095 1310 1257 1342; x_wconf 82' lang='lat' dir='ltr'>Martham</span> <span class='ocrx_word' id='word_1_215' title='bbox 1283 1311 1443 1343; x_wconf 81' lang='lat' dir='ltr'>eiecerunt</span> 
     </span>
     <span class='ocr_line' id='line_1_69' title="bbox 933 1355 1366 1399; baseline 0.007 -13"><span class='ocrx_word' id='word_1_216' title='bbox 933 1355 986 1393; x_wconf 88' lang='lat' dir='ltr'>Et,</span> <span class='ocrx_word' id='word_1_217' title='bbox 1013 1357 1066 1394; x_wconf 88' lang='lat' dir='ltr'>qui</span> <span class='ocrx_word' id='word_1_218' title='bbox 1091 1356 1120 1386; x_wconf 87' lang='lat' dir='ltr'>ei</span> <span class='ocrx_word' id='word_1_219' title='bbox 1144 1357 1366 1399; x_wconf 84' lang='lat' dir='ltr'>adhaeserunt,</span> 
     </span>
    </p>

    <p class='ocr_par' dir='ltr' id='par_1_38' title="bbox 934 1402 1365 1532">
     <span class='ocr_line' id='line_1_70' title="bbox 934 1402 1351 1445; baseline 0.005 -12"><span class='ocrx_word' id='word_1_220' title='bbox 934 1403 964 1433; x_wconf 88' lang='lat' dir='ltr'><strong>A</strong></span> <span class='ocrx_word' id='word_1_221' title='bbox 989 1402 1109 1434; x_wconf 87' lang='lat' dir='ltr'>Iudaea</span> <span class='ocrx_word' id='word_1_222' title='bbox 1132 1404 1351 1445; x_wconf 86' lang='lat' dir='ltr'>propulerunt,</span> 
     </span>
     <span class='ocr_line' id='line_1_71' title="bbox 934 1448 1365 1488; baseline 0.005 -9"><span class='ocrx_word' id='word_1_223' title='bbox 934 1448 1009 1480; x_wconf 79' lang='lat' dir='ltr'>Post</span> <span class='ocrx_word' id='word_1_224' title='bbox 1034 1449 1213 1488; x_wconf 84' lang='lat' dir='ltr'>passionem</span> <span class='ocrx_word' id='word_1_225' title='bbox 1236 1450 1365 1482; x_wconf 87' lang='lat' dir='ltr'>Domini</span> 
     </span>
     <span class='ocr_line' id='line_1_72' title="bbox 936 1495 1341 1532; baseline 0.005 -5"><span class='ocrx_word' id='word_1_226' title='bbox 936 1495 1107 1527; x_wconf 87' lang='lat' dir='ltr'>Credentes</span> <span class='ocrx_word' id='word_1_227' title='bbox 1132 1505 1188 1527; x_wconf 89' lang='lat' dir='ltr'>suo</span> <span class='ocrx_word' id='word_1_228' title='bbox 1212 1497 1341 1532; x_wconf 84' lang='lat' dir='ltr'>nomini.</span> 
     </span>
    </p>
   </div>
   <div class='ocr_carea' id='block_1_32' title="bbox 997 1626 1354 1663">
    <p class='ocr_par' dir='ltr' id='par_1_39' title="bbox 997 1626 1354 1663">
     <span class='ocr_line' id='line_1_73' title="bbox 997 1626 1354 1663; baseline 0.014 -5"><span class='ocrx_word' id='word_1_229' title='bbox 997 1626 1042 1658; x_wconf 88' lang='lat' dir='ltr'>In</span> <span class='ocrx_word' id='word_1_230' title='bbox 1068 1628 1100 1660; x_wconf 85' lang='lat'>3.</span> <span class='ocrx_word' id='word_1_231' title='bbox 1126 1626 1354 1663; x_wconf 76' lang='lat' dir='ltr'>Nocturno.</span> 
     </span>
    </p>
   </div>
   <div class='ocr_carea' id='block_1_33' title="bbox 1078 1709 1275 1745">
    <p class='ocr_par' dir='ltr' id='par_1_40' title="bbox 1078 1709 1275 1745">
     <span class='ocr_line' id='line_1_74' title="bbox 1078 1709 1275 1745; baseline 0.01 -8"><span class='ocrx_word' id='word_1_232' title='bbox 1078 1709 1275 1745; x_wconf 74' lang='lat' dir='ltr'>Antiphonae.</span> 
     </span>
    </p>
   </div>
   <div class='ocr_carea' id='block_1_34' title="bbox 903 1776 1319 1818">
    <p class='ocr_par' dir='ltr' id='par_1_41' title="bbox 903 1776 1319 1818">
     <span class='ocr_line' id='line_1_75' title="bbox 903 1776 1319 1818; baseline 0.007 -11"><span class='ocrx_word' id='word_1_233' title='bbox 903 1801 910 1807; x_wconf 96' lang='lat'>.</span> <span class='ocrx_word' id='word_1_234' title='bbox 936 1776 1151 1808; x_wconf 84' lang='lat' dir='ltr'>Annuneiavit</span> <span class='ocrx_word' id='word_1_235' title='bbox 1174 1779 1319 1818; x_wconf 85' lang='lat' dir='ltr'>gentibus</span> 
     </span>
    </p>
   </div>
   <div class='ocr_carea' id='block_1_35' title="bbox 935 1822 1370 1960">
    <p class='ocr_par' dir='ltr' id='par_1_42' title="bbox 935 1822 1370 1960">
     <span class='ocr_line' id='line_1_76' title="bbox 937 1822 1370 1863; baseline 0.012 -10"><span class='ocrx_word' id='word_1_236' title='bbox 937 1822 1014 1854; x_wconf 87' lang='lat' dir='ltr'>Cum</span> <span class='ocrx_word' id='word_1_237' title='bbox 1039 1823 1136 1863; x_wconf 86' lang='lat' dir='ltr'>signis</span> <span class='ocrx_word' id='word_1_238' title='bbox 1162 1826 1370 1859; x_wconf 85' lang='lat' dir='ltr'>eminentibus</span> 
     </span>
     <span class='ocr_line' id='line_1_77' title="bbox 937 1868 1343 1912; baseline 0.012 -12"><span class='ocrx_word' id='word_1_239' title='bbox 937 1868 1078 1901; x_wconf 80' lang='lat' dir='ltr'>Gloriam</span> <span class='ocrx_word' id='word_1_240' title='bbox 1104 1871 1231 1903; x_wconf 83' lang='lat' dir='ltr'>divinae</span> <span class='ocrx_word' id='word_1_241' title='bbox 1253 1873 1343 1912; x_wconf 85' lang='lat' dir='ltr'>legis,</span> 
     </span>
     <span class='ocr_line' id='line_1_78' title="bbox 935 1915 1337 1960; baseline 0.012 -13"><span class='ocrx_word' id='word_1_242' title='bbox 935 1915 1082 1948; x_wconf 86' lang='lat' dir='ltr'>Salutare</span> <span class='ocrx_word' id='word_1_243' title='bbox 1106 1919 1218 1949; x_wconf 85' lang='lat' dir='ltr'>summi</span> <span class='ocrx_word' id='word_1_244' title='bbox 1243 1919 1337 1960; x_wconf 83' lang='lat' dir='ltr'>regis.</span> 
     </span>
    </p>
   </div>
   <div class='ocr_carea' id='block_1_36' title="bbox 901 1981 1362 2017">
    <p class='ocr_par' dir='ltr' id='par_1_43' title="bbox 901 1981 1362 2017">
     <span class='ocr_line' id='line_1_79' title="bbox 901 1981 1362 2017; baseline 0.009 -5"><span class='ocrx_word' id='word_1_245' title='bbox 901 2005 909 2012; x_wconf 91' lang='lat'>.</span> <span class='ocrx_word' id='word_1_246' title='bbox 934 1981 1064 2013; x_wconf 82' lang='lat' dir='ltr'>Martha</span> <span class='ocrx_word' id='word_1_247' title='bbox 1086 1990 1153 2013; x_wconf 89' lang='lat' dir='ltr'>cum</span> <span class='ocrx_word' id='word_1_248' title='bbox 1179 1982 1244 2014; x_wconf 87' lang='lat' dir='ltr'>suis</span> <span class='ocrx_word' id='word_1_249' title='bbox 1268 1985 1362 2017; x_wconf 88' lang='lat' dir='ltr'>sociis</span> 
     </span>
    </p>
   </div>
   <div class='ocr_carea' id='block_1_37' title="bbox 936 2027 1416 2163">
    <p class='ocr_par' dir='ltr' id='par_1_44' title="bbox 936 2027 1416 2163">
     <span class='ocr_line' id='line_1_80' title="bbox 936 2027 1341 2063; baseline 0.012 -6"><span class='ocrx_word' id='word_1_250' title='bbox 936 2028 1060 2059; x_wconf 85' lang='lat' dir='ltr'>Vacans</span> <span class='ocrx_word' id='word_1_251' title='bbox 1087 2027 1156 2060; x_wconf 88' lang='lat' dir='ltr'>Deo</span> <span class='ocrx_word' id='word_1_252' title='bbox 1180 2039 1244 2062; x_wconf 88' lang='lat' dir='ltr'>non</span> <span class='ocrx_word' id='word_1_253' title='bbox 1268 2031 1341 2063; x_wconf 86' lang='lat' dir='ltr'>otiis</span> 
     </span>
     <span class='ocr_line' id='line_1_81' title="bbox 936 2074 1416 2123; baseline 0.008 -16"><span class='ocrx_word' id='word_1_254' title='bbox 936 2074 1185 2115; x_wconf 86' lang='lat' dir='ltr'>Gircumquaque</span> <span class='ocrx_word' id='word_1_255' title='bbox 1208 2078 1416 2123; x_wconf 82' lang='lat' dir='ltr'>praedicavit,</span> 
     </span>
     <span class='ocr_line' id='line_1_82' title="bbox 936 2121 1371 2163; baseline 0.014 -12"><span class='ocrx_word' id='word_1_256' title='bbox 936 2121 1015 2160; x_wconf 75' lang='lat' dir='ltr'>Quia</span> <span class='ocrx_word' id='word_1_257' title='bbox 1038 2122 1191 2154; x_wconf 89' lang='lat' dir='ltr'>Dominus</span> <span class='ocrx_word' id='word_1_258' title='bbox 1216 2126 1371 2163; x_wconf 82' lang='lat' dir='ltr'>regnavit.</span> 
     </span>
    </p>
   </div>
   <div class='ocr_carea' id='block_1_38' title="bbox 902 2185 1394 2223">
    <p class='ocr_par' dir='ltr' id='par_1_45' title="bbox 902 2185 1394 2223">
     <span class='ocr_line' id='line_1_83' title="bbox 902 2185 1394 2223; baseline 0.01 -5"><span class='ocrx_word' id='word_1_259' title='bbox 902 2211 910 2218; x_wconf 91' lang='lat'><strong>.</strong></span> <span class='ocrx_word' id='word_1_260' title='bbox 938 2185 1138 2219; x_wconf 84' lang='lat' dir='ltr'>Convertitur</span> <span class='ocrx_word' id='word_1_261' title='bbox 1162 2188 1202 2220; x_wconf 85' lang='lat' dir='ltr'>ad</span> <span class='ocrx_word' id='word_1_262' title='bbox 1226 2188 1394 2223; x_wconf 90' lang='lat' dir='ltr'>Dominum</span> 
     </span>
    </p>
   </div>
   <div class='ocr_carea' id='block_1_39' title="bbox 936 2233 1401 2283">
    <p class='ocr_par' dir='ltr' id='par_1_46' title="bbox 936 2233 1401 2283">
     <span class='ocr_line' id='line_1_84' title="bbox 936 2233 1401 2283; baseline 0.015 -19"><span class='ocrx_word' id='word_1_263' title='bbox 936 2233 1013 2265; x_wconf 83' lang='lat' dir='ltr'>Mox</span> <span class='ocrx_word' id='word_1_264' title='bbox 1038 2234 1207 2267; x_wconf 88' lang='lat' dir='ltr'>multitudo</span> <span class='ocrx_word' id='word_1_265' title='bbox 1232 2235 1401 2283; x_wconf 86' lang='lat' dir='ltr'>hominum,</span> 
     </span>
    </p>
   </div>
   <div class='ocr_carea' id='block_1_40' title="bbox 939 2280 1491 2368">
    <p class='ocr_par' dir='ltr' id='par_1_47' title="bbox 939 2280 1491 2368">
     <span class='ocr_line' id='line_1_85' title="bbox 939 2280 1491 2332; baseline 0.022 -22"><span class='ocrx_word' id='word_1_266' title='bbox 939 2280 998 2319; x_wconf 73' lang='lat' dir='ltr'>Qui</span> <span class='ocrx_word' id='word_1_267' title='bbox 1021 2289 1081 2320; x_wconf 83' lang='lat' dir='ltr'>per</span> <span class='ocrx_word' id='word_1_268' title='bbox 1103 2281 1203 2325; x_wconf 78' lang='lat' dir='ltr'>signa,</span> <span class='ocrx_word' id='word_1_269' title='bbox 1231 2292 1312 2322; x_wconf 80' lang='lat' dir='ltr'>quae</span> <span class='ocrx_word' id='word_1_270' title='bbox 1332 2287 1491 2332; x_wconf 81' lang='lat' dir='ltr'>viderunt,</span> 
     </span>
     <span class='ocr_line' id='line_1_86' title="bbox 939 2326 1402 2368; baseline 0.017 -9"><span class='ocrx_word' id='word_1_271' title='bbox 939 2326 1065 2360; x_wconf 85' lang='lat' dir='ltr'>Laudes</span> <span class='ocrx_word' id='word_1_272' title='bbox 1090 2327 1159 2361; x_wconf 91' lang='lat' dir='ltr'>Deo</span> <span class='ocrx_word' id='word_1_273' title='bbox 1185 2332 1402 2368; x_wconf 83' lang='lat' dir='ltr'>cantaverunt.</span> 
     </span>
    </p>
   </div>
  </div>
 </body>
</html>
