1655 2534
654 66 912 101 -187—

536 158 583 189 69.
625 159 668 189 De
687 159 795 190 sancto
816 157 1020 199 Sigismundo.

264 226 310 257 In
339 226 368 258 1.
397 227 506 266 Vesp
521 227 617 260 eris.

313 297 407 334 Super
422 300 566 329 Psalmos.

126 356 166 387 A.
198 355 302 388 Adest
329 357 396 388 dies
415 358 642 396 laetabundus,

198 403 236 434 In
261 412 322 443 quo
348 407 471 444 martyr
494 405 713 444 sigismundus

198 451 252 483 Ad
278 459 416 491 superna
440 451 488 482 sic
512 452 658 484 ascendit

197 496 242 529 Et
265 500 428 530 aeternum
455 499 696 538 comprehendit

244 545 394 577 Paradisi
416 546 575 577 meritum.

315 618 362 646 Ad
381 619 560 655 Magnifieat.

160 700 165 706 .
195 676 276 717 Ave,
301 678 424 715 martyr
448 676 661 717 sigismunde,

197 721 313 754 Preces
338 723 403 754 iam
427 731 486 762 pro
510 724 602 755 nobis
626 722 725 756 funde

244 768 357 801 Coram
382 778 502 801 summo
527 770 687 811 principe3

196 816 277 854 Ave,
303 816 389 847 salus
413 815 619 856 infirmorum,

197 861 364 894 Medicina
386 865 600 903 peccatomm,

245 909 358 940 Fletus
382 912 508 941 nostros
533 910 681 953 percipe3

195 955 253 998 Tu,
281 964 351 987 011111
374 956 492 988 sanctis
517 956 571 995 qui
593 956 724 989 laetaris

193 1003 238 1035 Et
262 1003 295 1034 in
321 1004 448 1036 Christo
473 1004 645 1041 coronaris,

246 1050 329 1081 Vota
352 1052 462 1082 nostra
486 1050 622 1090 suscipe,

192 1096 243 1128 Ne
266 1097 412 1129 labamur
437 1105 506 1128 cum
534 1097 700 1135 damnatis,

199 1142 264 1175 Sed
290 1144 374 1183 quod
400 1144 497 1175 simus
522 1152 593 1175 eum
617 1144 718 1176 beatis

243 1189 371 1222 Meritis
394 1191 428 1222 in
453 1191 571 1231 requie.

261 1284 322 1316 Ad
347 1283 612 1317 Matutinum.

329 1358 545 1385 Invitatorium.

199 1414 248 1447 Sit
270 1416 339 1447 laus
364 1414 433 1446 Deo
458 1415 498 1446 de
521 1415 691 1455 profundo,

199 1462 258 1502 Qui
283 1462 378 1494 beato
398 1462 600 1501 Sigismundo

243 1509 406 1542 Thronum
432 1510 522 1542 dedit
546 1509 677 1549 gloriae.

257 1604 303 1636 In
330 1605 359 1638 1.
385 1603 615 1636 Nocturno.

336 1678 534 1713 Antiphonae.

162 1762 169 1769 .
194 1734 257 1767 Hic
280 1736 331 1767 vir
353 1735 475 1775 beatus,

243 1781 303 1821 Qui
327 1782 361 1813 in
385 1783 455 1822 lege

192 1828 322 1862 Domini
347 1830 453 1861 stabat
477 1828 567 1871 fixus,

193 1876 298 1909 Deum
324 1876 557 1916 deprecabatur

240 1924 301 1956 Die
326 1932 365 1956 ac
388 1926 491 1957 noete.

160 2009 168 2016 .
193 1980 334 2014 Servivit
357 1981 391 2013 in
416 1981 530 2013 timore
553 1980 690 2013 Domino

190 2028 235 2061 Et
259 2029 431 2061 exsultavit
453 2028 487 2060 in
511 2028 568 2060 illo

190 2075 447 2116 Apprehendens
474 2075 686 2116 disciplinam7

191 2123 257 2155 Per
283 2132 375 2164 quem
401 2123 487 2155 vitae
510 2124 594 2163 cepit
616 2123 710 2157 viam.

136 2180 168 2214 3.
196 2180 281 2212 Voce
307 2181 394 2213 clara
418 2179 466 2211 sic
490 2180 640 2213 clamavit

191 2227 236 2259 Et
258 2227 301 2259 ad
327 2228 449 2261 caelum
474 2226 648 2267 festinavit,

186 2274 241 2309 Ad
266 2283 415 2307 coronam
440 2274 561 2315 gloriae

190 2321 270 2354 Post
293 2323 463 2354 transitum
487 2322 650 2357 victoriae.

823 294 855 327 1.

808 714 847 748 V.

821 818 856 850 2.

1015 226 1221 262 Responsoria.

879 294 1086 326 Beatissimus

877 341 998 373 athleta,
1020 340 1083 372 Dei
1107 340 1335 382 sigismundus,

878 388 931 428 qui
954 387 1137 426 progenitus

878 444 897 466 a
920 442 996 474 rege
1021 433 1250 475 Gundebaudo,

880 481 1022 521 quamvis
1046 481 1212 520 sacrilega,
1240 480 1368 513 Christo

880 532 987 559 tamen
1011 530 1158 560 monente
1181 536 1314 566 puerum

880 575 1115 614 Sigismundum

876 621 965 654 fonte
989 630 1079 652 sacro

879 669 1036 707 baptizari
1063 666 1140 699 fecit

879 715 996 746 Fratre
1021 714 1082 746 sibi
1108 716 1226 754 iuncto,

926 761 1118 793 Gundemari
1145 762 1269 792 nomine
1293 760 1414 796 functo.

881 817 940 855 Qui
964 825 1045 857 puer

880 863 920 894 ab
946 867 1051 895 aetate
1074 864 1191 902 puerili

876 909 978 941 Deum
1003 910 1117 941 timens
1142 912 1211 941 erat
1235 911 1350 950 gravis,

877 955 943 998 [qui
969 952 1060 1000 licet]
1085 965 1147 988 non
1172 957 1335 988 transierit

875 1003 1012 1043 puerilia
1036 1003 1117 1043 iura,

876 1053 983 1081 tamen
1008 1049 1113 1081 divino
1136 1050 1240 1083 studio

879 1098 998 1128 eminus
1023 1105 1058 1128 se
1082 1097 1238 1136 applicuit

876 1144 1048 1176 immorari.

876 1190 931 1222 Sic
954 1190 1038 1222 bona
1063 1191 1225 1222 consuevit

924 1241 955 1269 et
981 1238 1111 1269 crimina
1137 1240 1249 1269 cuncta
1275 1237 1403 1269 delevit.

878 1293 941 1326 Hic
966 1296 1150 1325 transcenso
1175 1293 1332 1325 curriculo

878 1341 1045 1372 adiunctus
1070 1339 1131 1372 fuit
1154 1340 1216 1372 Dei
1241 1339 1306 1372 filio

876 1388 942 1419 alta
967 1387 1047 1419 caeli
1073 1387 1267 1426 desiderans,

876 1443 940 1466 non
952 1437 1113 1466 terrenum
1122 1443 1252 1474 regnum
1263 1442 1428 1474 quaerens,

879 1482 936 1513 scd
961 1481 1003 1513 ad
1029 1481 1178 1513 caelestia

876 1532 983 1560 mente
1008 1533 1077 1560 erat
1101 1528 1252 1568 cupiens3

877 1575 974 1614 Quem
1000 1575 1087 1608 Deus
1112 1576 1218 1607 illuxit

928 1627 958 1654 et
982 1623 1063 1655 lucis
1084 1623 1125 1655 ad
1151 1623 1282 1654 aethera
1308 1623 1407 1654 duxit.

935 1746 980 1778 In
1009 1748 1040 1779 2.
1067 1745 1296 1777 Nocturno.

1019 1820 1214 1856 Antiphonae.

846 1903 853 1910 .
879 1876 1065 1910 Mirificavit
1090 1877 1244 1910 Dominus

877 1924 1026 1956 Sanctum
1056 1934 1144 1957 suum
1171 1924 1406 1964 sigismundum

877 1971 922 2003 Et
945 1972 1049 2011 ipsum
1075 1972 1239 2004 exaudivit

876 2018 926 2050 De
951 2019 1109 2058 ergastulo
1134 2018 1231 2050 fontis
1257 2027 1419 2058 aquarum.

876 2076 965 2107 Aure
989 2076 1136 2115 percepit
1160 2075 1259 2107 verba
1280 2075 1419 2113 Domini,

876 2122 960 2154 Dum
984 2123 1016 2154 in
1041 2122 1247 2154 tribulatione
1272 2122 1371 2163 stetit,

875 2170 983 2210 Ipsum
1007 2170 1039 2201 in
1066 2170 1206 2201 tenebris
1231 2169 1383 2202 liberavit

875 2216 920 2249 Et
943 2225 1039 2256 super
1064 2218 1168 2249 caelos
1193 2217 1369 2250 collocavit.

876 2274 1079 2306 Admirabile
1107 2278 1155 2306 est

924 2330 1039 2354 nomen
1064 2326 1161 2362 tuum,
1188 2322 1333 2362 Domine,
