1655 2534
735 97 968 132 .-()·6-μ

231 197 262 229 4.
287 194 491 228 Alabastrum
517 193 682 236 frangitur,
963 190 1105 231 Regnum
1122 189 1275 222 transfert
1288 189 1331 221 ad·
1342 198 1514 228 supernum

336 242 495 274 Funditur
518 244 718 281 unguentum,
963 237 1006 268 Et
1031 241 1161 271 coronat
1182 237 1216 268 in
1240 239 1413 271 aeternum,

287 289 433 330 Redolet‚
461 289 534 320 dum
559 288 711 327 tunditur,

335 336 428 368 Fidei
451 336 652 375 pigmentum.
1032 332 1077 364 In
1102 334 1133 364 2.
1159 331 1267 371 Vesp
1281 331 1375 362 eris.

232 432 263 462 5.
287 430 325 461 In
351 428 472 467 signum
493 435 588 460 verae
610 426 686 459 fidei
1078 405 1125 469 Au
1143 405 1322 469 Mag-nificat.

290 475 361 507 Rivi
388 475 559 506 decurrunt
583 473 672 513 rosei,
891 464 930 494 Α·
962 463 987 494 0
1012 463 1126 515 Tegssglls
1151 464 1234 502 legIO

289 521 415 553 Gaudet
436 522 470 552 in
494 520 612 551 sanetis
637 519 767 550 caelitus
1007 509 1292 562 Regmepoflectp,

289 568 376 600 Unus
402 570 434 598 et
456 567 540 598 idem
564 566 705 605 spiritus.
963 555 988 587 Ο
1016 556 1160 588 caelesns
1186 558 1290 587 0011ss10

1009 603 1148 635 Caelitus
1174 602 1285 642 electa,

404 668 449 694 Ad
469 666 651 694 Benedictus.
966 649 1078 682 Vestra
1101 658 1158 681 nos
1182 650 1324 688 precatio

1008 696 1069 728 Via
1094 696 1188 728 ducat
1213 698 1310 736 recta,

218 745 257 776 A.
288 743 431 777 Christus
456 751 528 773 suos
552 742 614 773 iam
641 742 777 774 victores
961 742 1027 774 Ubi
1049 742 1112 775 Dei
1135 743 1215 775 visio

288 791 388 822 Huius
413 789 521 820 mundi
546 792 618 828 post
641 788 765 820 labores
1008 790 1127 822 Radiat
1149 788 1301 829 perfecta.

294 855 376 881 Brev.
403 862 454 880 msa.
482 852 699 880 Lunaelaeense
718 860 793 881 saec.
818 852 862 881 14.
897 853 964 881 cod.
984 854 1075 881 Palat.
1095 854 1296 881 vindobonen.
1319 851 1400 880 1950.
1419 854 1453 880 A.
1475 867 1512 873 —

220 893 301 920 Brev.
329 899 381 919 ωε.
410 890 602 917 cisterciense
626 898 701 918 saecu
729 889 772 918 14.
813 891 883 918 Cod.
906 891 1044 919 Virunen.
1069 889 1113 918 39.
1134 892 1167 919 B.
1190 906 1224 910 —
1244 890 1361 925 Antiph.
1389 899 1442 917 ms.
1462 891 1512 918 In-

218 930 332 957 ferioris
353 928 438 956 Altae
466 935 542 954 saec.
564 925 608 954 16.
632 928 705 955 clm.
725 929 877 955 Monacen.
898 927 981 956 9480.
1002 929 1033 956 Ο.
1051 943 1090 948 -—
1112 929 1182 956 Cod.
1203 928 1367 956 Bruxellen.
1386 926 1435 962 (ol.
1458 929 1510 956 Be-

219 967 326 999 lisian.)
346 963 418 993 9786
458 962 503 991 90.
524 972 598 991 saec.
622 964 664 992 15.
687 966 721 990 1).
741 979 778 984 -—
799 966 826 992 D
849 966 901 993 hat
920 966 966 994 die
985 966 1075 994 kurzo
1096 967 1197 1001 Form3
1220 966 1242 993 O
1261 967 1313 993 hat
1332 966 1380 993 die
1400 965 1440 991 ΑΑ
1461 966 1512 992 der

222 1003 245 1030 1.
266 1004 344 1039 Vesp
381 1003 424 1029 als
447 999 491 1026 ΑΛ
519 1002 569 1029 der
591 1000 617 1028 2.
637 1002 723 1038 Vesp.
744 1004 776 1030 in
796 1002 844 1030 die
861 1003 951 1036 festo;
973 1003 1021 1030 die
1040 1001 1087 1030 AA
1109 1004 1146 1031 ad
1163 1003 1280 1031 Laudes
1301 1004 1345 1030 als
1367 1001 1414 1030 AA
1435 1004 1511 1030 infra

220 1043 375 1072 wotavam,
402 1039 437 1066 ad
457 1039 573 1066 Laudes
592 1042 622 1066 et
639 1047 690 1075 per
711 1040 822 1072 Horas,
852 1041 903 1067 das
923 1041 1027 1075 iibrige
1045 1043 1077 1068 in
1096 1041 1217 1068 Octava.
1236 1056 1275 1060 —
1293 1041 1336 1067 In
1357 1039 1384 1067 1.
1402 1040 1511 1075 Vesp.

221 1078 241 1103 A
265 1076 288 1112 1,
310 1076 327 1104 2
354 1076 562 1104 Concelebrent
580 1077 638 1103 AB.
656 1091 696 1096 —
714 1075 737 1102 A
757 1076 774 1104 5
803 1078 908 1105 Botrus
930 1078 1018 1113 Cypri
1038 1082 1090 1105 ete.
1112 1079 1149 1105 D.
1167 1093 1204 1098 -—-
1225 1077 1246 1104 R
1266 1078 1406 1113 Princeps
1427 1078 1511 1110 alme,

221 1116 278 1142 dux
298 1116 406 1142 invicte
426 1116 480 1141 ete.
502 1113 537 1140 D.
562 1128 597 1132 —-
616 1115 662 1141 Ad
680 1114 777 1150 Magn.
798 1113 821 1140 A
841 1116 873 1142 in
894 1115 933 1142 A:

556 1151 579 1178 O
599 1160 667 1178 vere
687 1151 794 1179 Christi
814 1153 922 1180 milites
941 1152 1080 1187 Thebaei,

554 1188 655 1216 Fortes
675 1190 706 1215 in
726 1197 820 1224 agone
838 1189 914 1223 fidei,

556 1225 728 1253 Constantes
748 1228 778 1253 in
799 1227 954 1254 devotione
973 1229 1045 1263 spei,

554 1263 711 1290 Ferventes
732 1265 763 1291 in
782 1264 937 1291 dilectione
956 1265 1021 1298 Dei,

554 1300 681 1328 Terrena
701 1301 902 1336 despicienteS‚

556 1337 702 1365 Caelestia
721 1340 959 1375 contemplantes.

557 1375 581 1402 O
602 1383 687 1410 quam
707 1376 836 1411 pretiosa
854 1385 931 1404 mors
951 1380 1125 1412 sanctorum,

559 1411 642 1444 Quae
660 1413 751 1439 vitam
770 1415 877 1441 meruit
895 1414 1074 1450 angelorum,

558 1449 584 1476 Ο
604 1458 691 1484 qnam
710 1450 861 1483 praeclara
878 1455 1039 1486 martyrum
1057 1451 1161 1487 gloria,

559 1486 641 1519 Quae
660 1486 734 1514 m'hil
753 1489 856 1515 metuit
873 1487 1002 1516 hostium
1021 1490 1151 1516 vulnera.

557 1524 601 1551 De
621 1532 743 1559 quorum
761 1525 884 1560 collegio
908 1526 966 1553 dux
985 1534 1067 1553 sacer
1086 1527 1252 1561 Mauritius,

558 1560 700 1588 Constans
719 1562 751 1588 iu
769 1564 907 1598 passione
926 1564 1030 1597 socius,

560 1597 699 1625 Caelestis
719 1599 843 1627 militiae
863 1602 1021 1636 municeps,

558 1634 663 1662 Faetus
684 1638 728 1662 est
746 1639 858 1664 aeterni
876 1640 959 1673 regni
979 1640 1135 1674 particeps.

224 1718 242 1744 d
297 1681 341 1743 ΑΑᾶ
362 1680 501 1745 ΟΟἘΡΙΘῩ.
520 1680 613 1717 Super
632 1682 680 1709 Ps.
701 1680 722 1708 A
745 1682 875 1711 Christus
896 1692 995 1712 amans
1012 1686 1178 1720 passionem
1193 1690 1245 1714 etc.
1260 1689 1297 1715 D.
1312 1703 1348 1707 —
1369 1689 1414 1717 Ad
1434 1690 1519 1717 Nune

244 1726 291 1744 lm·
353 1726 385 1745 111
437 1728 443 1745 ἶ

561 1755 586 1783 Ο
606 1756 693 1784 flores
712 1760 859 1792 purpurei,
882 1760 990 1787 milites
1011 1760 1151 1796 Thebai,

560 1793 655 1821 Verae
674 1796 762 1822 testes
783 1794 852 1823 fidei
871 1796 966 1832 gloria
985 1799 1106 1834 tropaei,

558 1830 660 1859 Facite
677 1840 731 1859 nos
752 1833 873 1867 provehi
889 1837 957 1863 ante
976 1835 1112 1864 thronum
1133 1838 1198 1872 Dei,

561 1867 623 1901 Quo
643 1869 709 1896 luce
728 1870 834 1898 siderei
850 1872 981 1900 fruamur
999 1872 1066 1901 diei.

297 1914 338 1941 In
358 1911 384 1941 2.
403 1915 505 1942 Noct.
526 1913 548 1940 A
568 1913 594 1947 4,
616 1913 633 1941 2
658 1917 798 1952 Legionis
825 1918 1026 1947 benedictione
1054 1921 1088 1948 A.
1116 1935 1150 1940 —
1177 1922 1218 1949 In
1242 1923 1353 1950 Laud.
1375 1922 1422 1950 AA
1444 1923 1518 1953 2-5

224 1952 262 1978 ad
279 1959 385 1986 parvas
404 1952 491 1979 horas
509 1952 627 1979 verteilt
646 1954 678 1980 B.
693 1968 726 1971 —
743 1955 786 1981 In
805 1952 832 1980 2.
851 1956 957 1991 Vesp.
979 1954 999 1981 R
1020 1957 1110 1985 Prata
1123 1960 1234 1993 passim
1247 1969 1300 1995 per
1314 1963 1415 1996 aperta
1430 1963 1468 1989 D.
1483 1977 1521 1983 -—

225 1989 279 2016 Per
309 1989 447 2016 Octavam
478 1997 563 2024 super
591 1990 723 2018 Psalmos
744 1990 766 2017 A
793 1992 868 2026 Ave,
898 1997 1007 2028 martyr
1035 1996 1163 2030 pretiose
1194 1999 1246 2023 ete.
1278 1997 1313 2024 A.
1334 2012 1373 2017 —
1401 1999 1438 2026 In
1470 2001 1522 2028 der

224 2027 348 2053 kiirzern
367 2027 451 2054 Form
471 2027 549 2054 steht
570 2026 620 2054 das
641 2026 774 2056 Officium
793 2030 869 2056 nach
888 2030 915 2057 D
936 2032 968 2058 in
987 2032 1071 2059 Anal.
1093 2033 1226 2060 Bolland.
1246 2035 1297 2069 VI,
1318 2033 1376 2064 354
1396 2036 1424 2063 ff.

603 2118 649 2150 23.
679 2119 721 2150 De
740 2128 764 2150 s.
785 2119 930 2152 Mauritio
952 2121 1132 2154 Turonensi.

366 2177 411 2209 In
440 2179 469 2211 1.
495 2178 601 2218 Vesp
614 2180 709 2210 eris.
970 2181 1015 2214 Et
1037 2192 1057 2216 a
1080 2186 1172 2223 patre
1196 2185 1342 2223 primitus

437 2242 631 2278 Antiphonae.
1016 2229 1166 2262 Monuma
1189 2236 1330 2267 vocatus,

246 2289 275 2320 1.
301 2287 351 2319 Ex
374 2290 474 2329 regali
498 2291 637 2330 germine
915 2296 946 2327 2.
971 2294 1049 2328 Eius
1075 2298 1212 2336 pueritia

345 2344 424 2374 puer
448 2341 513 2369 erat
537 2341 629 2372 natus
1019 2343 1139 2376 cunctis
1164 2348 1233 2377 erat
1256 2350 1349 2387 grata
