1655 2534
715 150 968 185 -132—

266 249 351 288 Quae
374 249 421 279 tot
442 247 538 286 digna
559 246 671 285 pandit
694 244 784 283 signa

308 296 346 327 In
370 293 458 326 Petri
480 293 668 333 praesentia,

262 341 344 373 Dum
368 343 515 381 precatur
540 341 572 369 et
594 339 728 370 locatur-

310 387 443 419 Noviter
464 387 496 417 in
520 386 651 425 Aquila3

223 462 229 467 .
261 435 407 466 Sanctum
433 440 555 471 corpuS,
580 431 766 463 tumulatum

308 480 388 512 Olim
412 479 444 510 in
470 478 649 521 Campania,

260 526 369 566 Nuper
394 528 497 557 tamen
524 527 571 556 est
594 524 780 556 translatum

306 572 381 605 Cum
406 572 532 604 honoris
557 570 668 609 gloria.

374 654 419 681 Ad
440 653 618 689 Magnificat-

224 744 232 752 .
263 721 287 752 O
314 720 404 751 beate
429 719 614 759 Caelestine‚

309 767 425 798 Factus
451 766 527 797 civis
553 765 742 806 caelestium,

267 813 401 845 Consors
426 813 546 853 gratiae
571 811 695 844 divinae

311 859 480 891 Obtinuisti
504 859 657 900 bravium,

259 905 323 938 Ubi
345 914 456 944 regnas
480 906 548 936 sine
571 904 643 944 fine,

307 952 370 984 Ora
392 960 451 990 pro
475 951 566 983 nobis
589 951 769 984 Dominum.

324 1062 385 1093 Ad
409 1062 671 1095 Matutinum.

393 1144 605 1172 Invitatorium.

258 1211 460 1242 Exsultemus
485 1210 552 1241 Deo

306 1256 439 1288 Vocibus
464 1257 585 1288 sonoris

257 1304 295 1336 In
317 1303 523 1334 translatione

306 1349 393 1381 Petri
418 1348 616 1382 confessoris.

323 1460 369 1492 In
395 1460 425 1493 1.
447 1461 673 1493 Nocturno.

402 1543 597 1577 Antiphonae.

231 1633 238 1640 .
265 1607 328 1639 Hic
352 1608 402 1638 vir
426 1611 551 1639 sanctus
577 1612 608 1639 et
631 1607 790 1648 perfectus

313 1654 443 1692 Quaerit
468 1655 584 1685 deserti
609 1655 717 1686 abdita

261 1700 304 1731 Et
327 1700 443 1731 virtute
468 1701 713 1740 circumsaeptus

307 1746 446 1778 Praebet
469 1747 580 1779 salutis
602 1748 729 1781 monita.

228 1825 235 1832 .
262 1801 344 1833 Dum
369 1805 433 1833 stat
457 1805 568 1842 crypta
591 1803 778 1835 interclusus

310 1848 472 1879 Assistunt
496 1848 555 1880 sibi
580 1850 692 1889 angeli,

261 1895 349 1926 Rore
374 1895 489 1926 caelico
514 1895 659 1934 perfusus

310 1941 458 1973 Formam
482 1943 650 1982 assumpsit
674 1944 808 1981 parvuli.

229 2021 235 2027 .
261 1996 379 2028 Locum
404 1998 508 2038 signat
531 1998 565 2028 in
588 1998 727 2038 Magella

305 2043 390 2075 Alba
415 2044 558 2076 columba
583 2044 730 2086 construi,

263 2090 356 2132 Quae,
378 2090 451 2122 dum
468 2094 593 2122 sanctus
603 2094 667 2123 stat
674 2091 708 2122 in
719 2093 809 2133 cella,

309 2137 387 2168 Eius
411 2140 503 2177 paret
526 2137 658 2171 obtutui.

229 2217 236 2223 .
262 2192 393 2224 Biennio
412 2194 458 2225 sic
483 2194 718 2226 demonstratur

309 2238 445 2278 Spiritus
469 2240 570 2272 sancti
593 2240 663 2273 fieri

259 2285 440 2327 Templum,
481 2288 564 2327 quod
596 2291 670 2328 post
702 2296 809 2320 conse-

581 2337 688 2366 oratur

307 2378 497 2412 Testimonio
523 2382 635 2422 angeli.

881 244 911 277 5.

866 1956 903 1987 V.

878 2152 910 2183 4.

936 243 1068 276 Sanctus
1092 243 1154 274 iste
1178 240 1268 275 videt
1292 241 1376 272 clare

981 289 1176 329 Angelorum
1199 288 1371 321 exercitum

935 339 973 370 In
998 336 1131 368 ecclesia
1156 338 1285 368 cantare

980 384 1059 416 Eius
1083 391 1205 415 sacrum
1229 381 1378 414 officium.

902 464 910 472 .
937 441 1025 473 Inter
1049 439 1176 479 angelos
1200 441 1265 470 stat
1288 439 1415 470 sanctus

979 486 1123 518 Amictus
1148 487 1235 516 veste
1259 484 1391 525 fulgida,

936 533 995 566 Cui
1019 532 1135 564 dicitur
1158 533 1233 571 post
1257 534 1384 563 cantus:

983 579 1088 612 Crede
1112 579 1172 609 hoc
1196 581 1300 609 mente
1325 577 1437 612 solida.

1070 662 1278 698 Responsoria.

900 754 908 762 .
933 729 998 761 Iste
1022 737 1122 761 novus
1148 727 1288 768 eremita,

983 775 1106 817 Petrus,
1133 773 1293 807 confessor
1316 773 1444 806 inclitus

935 823 979 854 Et
1002 820 1162 861 perfectus
1188 821 1362 861 coenobita,

981 868 1058 899 Fuit
1079 870 1111 900 in
1134 868 1200 900 fide
1222 868 1354 907 solidus⁷

936 916 1034 954 Quem
1059 915 1221 947 collaudat
1243 917 1353 946 sancta
1378 914 1445 946 vita

981 962 1192 993 Perseverans
1218 961 1402 1000 catholicus,

895 1031 903 1039 .
934 1008 1061 1040 Summa
1087 1009 1184 1040 virtus
1209 1008 1293 1040 hunc
1317 1008 1457 1047 protexit

979 1054 1030 1086 Ab
1055 1055 1194 1088 eiusdem
1218 1053 1355 1086 infantia

934 1101 977 1132 Et
1001 1101 1043 1132 ad
1068 1101 1183 1133 bonum
1208 1109 1334 1142 semper
1356 1102 1445 1133 vexit

979 1149 1041 1179 Per
1065 1149 1215 1180 virtutum
1239 1147 1378 1187 fastigia.

899 1226 907 1234 .
933 1204 1046 1235 Petrus
1071 1204 1213 1235 residens
1238 1205 1273 1235 in
1298 1206 1392 1243 petz-a

980 1250 1145 1282 Fundatus
1171 1253 1219 1281 est
1242 1251 1274 1282 in
1302 1250 1415 1292 gratia,

935 1296 993 1335 Qui
1017 1296 1191 1328 abhorrens
1216 1305 1358 1337 quaeque
1382 1299 1489 1330 taetra

979 1343 1144 1375 Mundana
1167 1344 1290 1383 sprevit
1313 1344 1392 1376 vitia

933 1389 1092 1431 Facieque
1114 1390 1179 1430 iugi
1204 1390 1288 1422 laeta

982 1436 1097 1468 Sancta
1119 1436 1200 1468 vixit
1223 1437 1400 1477 munditia3

935 1481 1118 1514 Sanctitatis
1143 1483 1223 1522 petit
1248 1484 1345 1516 vitam

984 1529 1046 1560 Per
1069 1530 1207 1569 plurima
1230 1530 1381 1572 ingentia,

936 1574 1033 1606 Suam
1061 1577 1199 1608 reddens
1227 1585 1352 1608 carnem
1379 1578 1490 1610 tritam

981 1622 1067 1653 Mira
1092 1631 1160 1654 cum
1183 1622 1384 1656 abstinentia.

903 1702 911 1711 .
936 1677 999 1709 Hic
1022 1679 1202 1718 praepollet
1226 1680 1395 1711 sanctitate

982 1724 1025 1755 Et
1049 1724 1185 1765 refulget
1210 1727 1380 1758 virtutibus

934 1771 1137 1811 Maximaque
1161 1773 1282 1805 unitate

982 1817 1023 1849 Se
1048 1819 1207 1859 coniungit
1230 1819 1378 1852 fidelibus

934 1864 978 1896 Et
1000 1864 1136 1903 probata
1160 1866 1324 1898 honestate

982 1911 1089 1944 Donat
1113 1915 1232 1944 statuta
1257 1913 1421 1955 fratribus,

932 1956 1025 1989 Stans
1049 1958 1082 1990 in
1106 1959 1265 1991 montibus
1291 1961 1425 1993 desertis

983 2004 1096 2036 Totum
1121 2013 1155 2036 se
1178 2006 1246 2038 Deo
1273 2007 1401 2039 dedicat

936 2049 1117 2090 Studiisque
1140 2052 1203 2083 iam
1229 2054 1368 2093 expertis

981 2096 1122 2129 Terrena
1147 2107 1273 2137 semper
1297 2100 1435 2135 abdicat.

937 2152 1043 2184 Vitam
1069 2154 1218 2185 caelicam
1244 2156 1404 2190 deducens

985 2199 1147 2232 Mundana
1172 2209 1297 2242 semper
1321 2203 1454 2246 horruit,

937 2245 1032 2278 Velut
1056 2245 1161 2279 facula
1185 2248 1328 2281 relucens

986 2292 1059 2324 Toti
1083 2295 1199 2327 mundo
1224 2297 1431 2337 resplenduit.

939 2338 984 2370 Et
1006 2339 1186 2373 innumeros
1210 2342 1363 2376 inducens

984 2385 1076 2418 Viam
1100 2388 1210 2423 salutis
1239 2390 1357 2432 dirigit.
