1655 2534
738 110 991 145 —186—

289 207 379 239 Bona
402 207 528 238 tandem
554 208 715 238 senectute
962 206 1104 245 Purgans
1130 203 1266 235 collocet
1289 203 1430 236 salvator

337 253 526 286 Coniunctus
552 256 600 284 est
622 253 733 285 beatis.
1008 252 1118 292 Regno
1145 250 1311 283 claritatis.

1030 337 1076 368 In
1102 337 1133 367 2.
1160 334 1377 374 Vesperis.

404 363 450 391 Ad
468 364 649 391 Benedictus.
1078 390 1123 417 Ad
1142 389 1321 426 Magnificat.

220 438 261 472 A.
292 440 407 472 Sancte
430 439 568 480 praesul,
595 439 787 477 exstirpator
888 439 928 470 A.
959 438 1017 470 Pie
1041 441 1133 478 pater
1156 442 1188 468 et
1210 441 1356 477 patrone,

335 484 536 517 Infidelitatis
958 484 1028 516 Tua
1051 485 1281 516 interventione

288 532 332 563 Et
355 530 458 563 fidelis
483 531 653 562 seminator
959 530 1027 563 Nos
1052 540 1072 562 a
1096 531 1187 561 malis
1211 530 1341 561 liberari

336 577 431 608 Verbi
455 577 607 616 veritatis,
958 577 1004 608 Et
1026 585 1180 617 procures
1206 577 1369 608 collaetari

286 624 364 655 Esto
389 623 480 655 nobis
505 623 669 666 mediator,
961 623 1036 655 Sine
1060 624 1281 655 terminatione

334 670 381 702 Ut
403 678 460 701 nos
485 679 504 701 a
527 670 664 709 peccatis
958 670 1074 702 Tecum
1102 670 1181 702 caeli
1206 670 1379 702 mansione.

293 751 362 778 Ood.
375 751 515 779 Holmien
532 751 558 778 A
578 749 622 778 56.
645 749 822 788 [chmming
830 753 854 786 1,
867 750 919 779 151
927 749 969 788 ff.]
989 768 1025 773 ——
1044 754 1080 780 In
1102 751 1126 780 1.
1139 753 1228 789 Vesp.
1242 753 1378 788 Hymnus
1393 751 1512 788 sigfridi

217 788 441 824 archipraesulis
461 788 638 826 (Klemming
656 789 680 817 Ι.
703 787 767 817 152ῑ
799 791 829 817 in
843 790 949 818 Laud.:
969 790 1084 826 Ignitus
1098 792 1198 818 sancto
1212 791 1329 817 flamine
1340 788 1421 824 (ibid.
1438 788 1513 823 159).

650 926 695 957 68.
734 926 777 957 De
799 928 904 958 sancto
926 926 1075 966 Sigfrido.

374 1014 418 1045 In
443 1014 674 1047 Laudibus.
957 1015 1074 1047 Preces
1100 1014 1149 1046 fer
1172 1016 1368 1055 precantium

420 1086 612 1122 Anfiphonae.
1006 1063 1043 1094 In
1070 1066 1240 1102 conspectu
1262 1063 1335 1096 Dei.

231 1142 262 1175 1,
287 1142 395 1175 Novus
420 1144 467 1175 sol
489 1143 692 1183 progreditur
1072 1136 1117 1163 Ad
1135 1136 1320 1164 Benedictus.

336 1188 459 1220 Novum
485 1190 562 1221 dans
587 1191 798 1231 splendorem,
887 1193 928 1226 A.
957 1193 1044 1225 Audi
1068 1196 1161 1232 pater
1186 1193 1320 1225 Sueciae

289 1235 435 1267 Gentium
460 1237 659 1275 persequitur
1006 1238 1107 1271 Filios
1134 1239 1315 1280 clamantes,

333 1281 424 1313 Ritus
451 1286 482 1313 et
507 1291 654 1315 errorem.
960 1285 1128 1326 Reprimas
1151 1286 1185 1317 in
1210 1287 1278 1318 acie

229 1338 259 1371 2.
285 1337 398 1369 Pacem
423 1341 531 1376 portat
553 1339 678 1377 populis
1005 1333 1089 1364 TUOS
1110 1332 1342 1373 impugnant&

332 1383 481 1415 Pontifex
504 1383 619 1426 fidelis,
955 1378 994 1409 ln
1015 1379 1098 1410 viam
1118 1379 1259 1411 iustitiae

289 1429 386 1468 Quam
412 1429 467 1461 dat
490 1431 577 1469 pacis
602 1431 732 1462 aemulis
1004 1425 1131 1465 Dirigas
1158 1431 1299 1458 errantes

331 1474 446 1507 Pacem
471 1478 549 1508 dans
575 1477 614 1508 de
639 1478 743 1509 caelis.
959 1470 1004 1503 Et
1025 1472 1058 1503 in
1083 1481 1213 1511 regnum
1238 1474 1358 1513 gloriae

230 1531 261 1564 3.
287 1531 463 1569 Dereliquit
486 1532 622 1570 patriam
1005 1518 1113 1550 Dum
1138 1521 1342 1552 exsultantes.

333 1577 500 1616 Anglicani
525 1578 637 1620 gregis,
1324 1614 1330 1620 ι

286 1623 411 1662 Pauper
434 1625 533 1655 intrat
557 1624 698 1656 Sueciam
1029 1611 1074 1643 1¹²
1099 1612 1131 1643 2·
1153 1613 1367 1653 vesperm-

333 1670 453 1702 Praeco
478 1670 590 1701 summi
613 1672 707 1711 regiS.
1078 1685 1124 1712 Ad
1144 1685 1324 1722 Magnifieat.

230 1726 262 1759 4·
290 1725 383 1758 Clara
408 1725 475 1757 dies
500 1727 600 1757 oritur
888 1740 930 1773 A.
960 1740 1076 1773 Pastor
1100 1744 1273 1782 apostolice

334 1771 469 1810 Noxque
496 1773 583 1825 cedit
602 1774 639 1815 ei,
1009 1787 1149 1829 Sigfride
1174 1788 1345 1823 Suenorum

289 1818 390 1849 Verus
414 1817 500 1850 Deus
526 1819 639 1851 colitur
960 1833 1055 1866 Fidei
1080 1836 1251 1869 domestice
1349 1818 1357 1835 ⁷

337 1864 455 1896 Lucem
480 1865 558 1897 dans
584 1866 656 1899 diei·
1008 1882 1129 1925 Custos,
1158 1883 1270 1917 doctor
1293 1895 1426 1928 morum,

230 1921 262 1953 5.
287 1920 333 1952 Te
356 1923 479 1959 patrem
504 1921 650 1953 eximium
959 1926 1025 1959 Nos
1054 1930 1197 1961 concives
1223 1931 1316 1963 effice

333 1966 549 2006 Deprecamur
570 1968 628 2008 rei,
1006 1975 1127 2007 Civium
1154 1981 1342 2011 sanctorum.

292 2050 376 2077 Brev.
397 2049 536 2078 Sem-ense
555 2051 624 2086 imp.
643 2052 852 2096 Iffoi’imbergae
875 2053 956 2082 1493.
997 2054 1176 2094 [Klemming
1194 2061 1218 2094 1,
1246 2059 1301 2088 162
1318 2059 1369 2098 ff.].
1401 2063 1512 2093 Aurser

219 2086 283 2115 dem
308 2086 525 2115 Vorstehenden
546 2089 621 2116 noch
641 2098 689 2116 em
709 2090 951 2126 Responsorium:

551 2126 647 2154 Fortis
667 2127 738 2154 colit
756 2135 853 2156 aream

590 2163 722 2192 Sterilem
743 2165 861 2199 zelator,

554 2201 599 2228 De
618 2203 731 2237 spineto
751 2204 866 2231 vineam

589 2239 673 2267 Fecit
691 2240 882 2275 praedicator,

555 2276 673 2304 Gentem
694 2277 793 2304 domat
812 2279 933 2306 ferream

590 2314 679 2350 Legis
700 2315 860 2344 aemulator

552 2351 663 2388 Dirigit
683 2352 721 2379 ad
739 2353 834 2381 lucem
852 2355 1020 2385 tenebrosos
1039 2358 1114 2386 lucis
1135 2366 1255 2390 amator.
