1655 2534
649 111 886 145 ——79—

816 206 847 237 3.
872 203 970 244 vigili
998 205 1104 235 mente

919 250 1087 282 Dominum
1113 250 1225 291 sitivit,

877 298 970 330 Cuius
995 296 1073 328 felix
1098 297 1203 329 anima

922 345 1042 376 caelum
1066 344 1219 377 introivit.

817 402 848 434 4.
875 401 913 432 In
938 401 1059 431 camino
1084 399 1225 431 caritatis

920 445 1045 479 fervens
1071 447 1227 478 aestuavit

875 495 1071 526 Benedicens
1097 493 1273 535 Dominum,

921 542 1022 572 solum
1043 549 1133 580 quem
1158 540 1283 573 amavit.

818 599 848 630 5.
874 598 913 630 In
937 596 1070 629 exceisis
1095 596 1264 628 sublimata

920 644 1038 677 Sancta
1060 647 1161 675 mater
1184 643 1322 682 Moffica,

874 691 959 723 Vota
983 693 1093 723 nostra
1116 690 1217 722 reddo
1241 693 1332 729 grata

921 738 957 769 In
983 737 1043 769 Dei
1067 738 1257 777 praesentia.

989 801 1035 829 Ad
1053 801 1235 829 Benedictus.

804 852 845 880 A.
877 850 988 882 Oriens
1014 858 1053 881 ex
1078 851 1142 881 alto
1168 850 1226 880 Dei

198 205 293 238 Cuius
316 206 439 246 fulgent
462 207 609 247 prodigia

243 253 289 284 Et
313 254 404 294 signa
426 254 595 293 magnalia.

338 317 543 353 Responsoria.

142 365 173 398 1.
200 365 354 397 t'aeiestis
388 365 481 404 panis

245 410 365 442 refecto
390 411 533 443 convivio

197 458 289 490 Mens
315 459 381 489 eius
407 457 507 490 fervet

247 514 383 544 superno
408 506 536 544 solacio,

200 552 287 584 Almi
313 552 443 592 spiritus

244 598 361 630 suffusa
386 598 533 638 crapula:

199 646 357 682 Volemus,
384 645 496 685 inquit,

244 693 285 723 ad
312 693 392 723 eaeii
416 692 541 732 gaudia.

126 739 165 773 V.
198 739 346 771 Elevavit
361 748 412 770 me
426 738 561 778 spiritus
576 738 661 770 {mer
676 747 744 771 eae-

196 786 264 818 lum
289 788 317 817 et
340 789 460 818 terram
486 787 514 816 et
538 784 674 817 adduxit
694 794 746 816 me

197 832 232 864 io?
257 830 446 865 Ierusalem.

165 913 171 921 .
199 888 269 920 Vox
295 888 402 919 dilecti
429 896 512 919 nune
534 886 689 926 pulsantis

199 936 249 966 Ad
276 934 425 966 lectulum
451 933 642 973 aegrotantis

202 982 247 1013 To
273 987 373 1022 vocat,
400 984 502 1012 mater
525 980 671 1012 Monica:

201 1029 301 1066 Surge
326 1033 355 1059 et
379 1035 527 1067 propera,

919 897 1019 935 patris
1044 897 1209 937 sapientia,

872 944 971 982 Quam
997 943 1131 982 benigne
1158 951 1281 974 reseras

918 990 1149 1021 misericordias
1179 990 1318 1020 viscera!

872 1036 1082 1075 Augustinum
1108 1039 1235 1067 revocat

917 1083 971 1121 pia
995 1085 1096 1114 mater
1119 1091 1178 1122 per
1202 1082 1358 1121 suspiria3

873 1130 950 1162 Oret
970 1139 1028 1168 pro
1053 1130 1144 1161 nobis
1166 1129 1279 1161 ineolis

920 1180 1030 1208 sancta
1054 1180 1154 1208 mater
1176 1176 1315 1215 Momm,

873 1224 955 1262 Quos
980 1224 1032 1255 hio
1054 1223 1088 1254 in
1112 1223 1206 1254 terris
1233 1222 1343 1263 dirigit

920 1270 1018 1309 prolis
1042 1279 1117 1301 suae
1141 1271 1259 1309 regula.

196 1075 310 1107 Amica
333 1083 418 1116 mea3

195 1122 245 1154 Ab
272 1122 352 1153 ostia
377 1120 528 1152 Tiben'na

197 1168 281 1201 Caeli
303 1168 418 1199 transit
434 1167 525 1199 ostia.

125 1216 165 1248 V.
199 1215 288 1257 Veni,
316 1215 469 1257 formosa,
496 1212 641 1245 columba
659 1221 745 1251 mea,

195 1261 268 1294 vem*
294 1262 331 1293 cle
354 1260 493 1300 Libano,
517 1259 727 1292 corocheris.

282 1346 330 1378 In
355 1344 585 1378 Laudibus.
935 1355 981 1386 In
1007 1357 1039 1387 2.
1065 1355 1292 1393 vesperis.

336 1400 530 1435 Antiphonae-
992 1409 1038 1437 Ad
1057 1409 1238 1447 Magnificat.

142 1450 172 1482 1.
197 1451 346 1482 Sanctam
372 1451 503 1480 matrem
526 1448 685 1480 Monicam
803 1458 843 1491 A,
873 1458 897 1491 0
923 1466 1015 1489 sacra

245 1496 347 1529 Decet
369 1495 559 1533 sanctitudo,
918 1508 1019 1536 mater
1042 1504 1180 1545 Monioa'

198 1543 296 1582 Quam
320 1543 445 1574 domum
469 1542 530 1573 sibi
561 1544 725 1574 consecrat
873 1551 969 1585 Cuius
993 1551 1125 1591 Spifflus

244 1589 305 1622 Dei
330 1589 495 1622 f01'ffi’sufl0·
922 1599 1060 1630 exsultat
1084 1599 1117 1631 in
1142 1598 1253 1639 gloria,

147 1648 178 1679 2.
205 1646 324 1679 Iubilat
351 1655 418 1677 oum
444 1645 578 1677 Domino
877 1645 1020 1678 Gratiam
1043 1646 1181 1685 impet-ra

246 1692 377 1725 Monica
396 1693 429 1724 in
457 1693 562 1731 caelis,
921 1693 1050 1734 benigni
1072 1693 1211 1735 Domini,

204 1740 261 1772 Cui
285 1741 380 1779 plena
406 1739 522 1780 spiritu
877 1742 922 1774 Ut
945 1748 1071 1781 gregem
1096 1743 1245 1781 protegat

250 1786 388 1819 Servivit
411 1787 445 1818 111
473 1787 578 1819 terris.
921 1786 981 1819 filii
1004 1787 1062 1820 tui.

204 1853 287 1880 Brev.
313 1861 366 1880 ms.
391 1852 546 1888 Augustin.
571 1860 646 1880 saec.
676 1851 719 1881 15.
744 1853 812 1881 Cod.
838 1853 993 1890 Augustin.
1017 1853 1145 1882 Brunen.
1171 1854 1206 1881 V.
1233 1855 1268 1882 A.
1288 1868 1317 1872 —
1347 1854 1429 1881 Brev.

131 1899 182 1918 ms.
204 1898 280 1918 saec.
303 1888 346 1918 15.
370 1890 441 1918 Ood.
464 1889 574 1918 Scotor.
595 1890 797 1919 Vindobonen.
819 1888 856 1918 52
874 1891 893 1918 h
916 1888 959 1919 18.
980 1892 1013 1918 B.
1028 1893 1162 1920 ——Brev.
1184 1901 1235 1919 ms.
1250 1892 1431 1927 Viepacense

129 1937 203 1957 saec.
228 1927 270 1956 14.
292 1928 361 1956 Ood.
381 1928 550 1956 Gottwieen.
571 1926 617 1956 81.
642 1929 672 1956 O.
695 1943 732 1948 —
751 1929 870 1964 Antiph.
891 1937 943 1957 ms.
963 1930 1238 1958 Frauen-Wilrense
1258 1931 1328 1957 anni
1349 1927 1430 1957 1509.

130 1966 199 1995 God.
230 1966 337 1994 Semin.
370 1966 520 1994 Colonien.
550 1964 586 1994 30
616 1974 642 1994 a.
673 1967 710 1995 D.
737 1982 746 1986 -
797 1968 883 1995 Brev.
908 1976 960 1995 ms.
991 1969 1149 2004 Augustin.
1180 1976 1254 1995 saec.
1289 1965 1331 1994 15.
1363 1966 1431 1994 Cod.

128 2005 257 2041 Angelic.
277 2004 305 2031 R
323 2005 350 2031 V
371 2001 416 2032 31.
435 2005 472 2032 Ε.
491 2018 529 2022 -
548 2005 632 2032 Brev.
654 2014 705 2033 ms,
719 2006 826 2033 Minor.
840 2005 885 2033 Eu
907 2006 987 2033 ubin.
1007 2005 1042 2039 (?)
1062 2014 1136 2034 saec.
1152 2004 1195 2032 15.
1217 2005 1286 2033 Ood.
1299 2004 1430 2042 Angelie.

128 2043 153 2072 Τ
173 2043 230 2070 VII
256 2040 281 2070 9.
306 2043 338 2070 F.
364 2058 402 2063 -—
428 2043 512 2070 Brev.
532 2051 585 2069 ms.
605 2042 760 2079 Augustin.
785 2051 861 2071 saec.
884 2015 927 2071 55.
959 2042 1028 2071 Cod.
1048 2043 1151 2072 Senen.
1173 2043 1197 2070 F
1216 2043 1274 2071 V11
1293 2041 1320 2070 4.
1341 2044 1375 2071 G.
1394 2057 1433 2061 ——

129 2081 199 2110 Cod.
228 2081 258 2109 S.
283 2081 365 2108 Petri
391 2080 590 2116 Salisburgen.
621 2089 639 2108 a
659 2082 702 2109 IV
725 2079 771 2109 42.
798 2080 837 2109 Η.
863 2098 900 2102 —
920 2082 944 2110 Β
964 2081 1017 2109 hat
1035 2082 1067 2107 in
1083 2082 1165 2117 Jeder
1184 2081 1321 2109 Noktum
1339 2089 1394 2108 11111·
1417 2079 1430 2108 1

129 2120 156 2152 Α,
183 2119 231 2146 die
259 2121 350 2153 erste3
372 2118 396 2145 C
413 2118 466 2145 hat
483 2118 559 2145 nach
579 2118 630 2146 cler
651 2117 675 2146 1.
695 2119 783 2155 Vesp.
804 2127 859 2147 nur
878 2120 970 2147 Lectt.
993 2120 1069 2146 ohne
1089 2119 1136 2146 ΗΒ.
1155 2133 1195 2137 —
1213 2119 1254 2146 In
1276 2118 1300 2145 1.
1320 2119 1428 2154 Vesp.

130 2158 148 2183 Α
171 2155 195 2191 1,
216 2155 234 2184 2
253 2165 304 2186 rex
324 2156 396 2185 Sion
415 2154 479 2193 B03
501 2157 645 2190 Quoniam
664 2157 720 2185 hae
739 2157 787 2185 die
805 2157 891 2184 iubar
911 2157 946 2185 D.
967 2172 1005 2176 —
1025 2154 1047 2183 Α
1069 2155 1093 2190 1,
1114 2155 1132 2185 3
1154 2157 1275 2184 tenebra
1293 2156 1381 2185 ACD.
1395 2171 1431 2175 —

129 2196 148 2221 Α
162 2193 189 2229 4,
204 2193 224 2222 4
243 2194 346 2223 sedula
366 2196 459 2222 oratio
476 2194 510 2229 B3
532 2195 626 2222 monis
640 2195 672 2223 G.
692 2209 731 2214 ——
749 2194 794 2222 Ad
807 2194 906 2230 Magn.
923 2192 956 2228 Α,
972 2192 989 2221 5
1004 2203 1142 2231 sponsam
1156 2194 1266 2222 Christi
1285 2195 1432 2223 Monieam

129 2234 162 2261 A.
182 2247 220 2251 —
239 2234 280 2261 In
300 2231 325 2260 1.
345 2233 447 2262 Noet.
469 2232 487 2259 R
508 2230 535 2266 3,
558 2231 573 2260 1
595 2241 682 2261 earne
700 2232 774 2261 fehlt
792 2234 825 2261 B.
845 2249 882 2252 —
902 2233 942 2260 In
962 2230 987 2259 2.
1002 2233 1101 2261 Noet.
1122 2233 1141 2260 R
1161 2230 1188 2267 2,
1204 2232 1220 2260 6
1241 2233 1384 2268 spernere
1396 2233 1432 2267 A,

131 2279 284 2306 aspernere
302 2271 336 2298 B.
357 2284 394 2290 -—
415 2270 433 2296 R
454 2268 481 2305 3,
504 2268 519 2297 1
539 2280 607 2299 vere
628 2270 737 2299 Christi
757 2271 832 2298 fehlt
849 2271 884 2298 A.
905 2285 942 2290 -
964 2270 982 2296 R
1003 2268 1029 2305 3,
1050 2268 1068 2298 8
1089 2272 1261 2308 exprimitur
1280 2272 1313 2299 B.
1334 2285 1371 2291 —-
1389 2271 1433 2298 In

130 2307 156 2337 3.
178 2309 277 2337 110111·μ
298 2308 317 2335 R
338 2307 363 2343 2,
386 2306 401 2336 1
422 2308 522 2337 dilecti
541 2311 585 2337 tui
605 2309 750 2344 pulsantis
764 2309 797 2336 B.
814 2323 847 2328 —
869 2308 887 2335 R
903 2307 929 2343 2,
945 2306 961 2335 6
980 2309 1027 2336 Ad
1045 2308 1129 2337 Ostia
1141 2310 1174 2338 B.
1192 2324 1231 2328 —
1249 2309 1431 2345 Hymnen:

131 2348 193 2375 Ave
218 2347 281 2375 dies
304 2347 425 2378 laetitae
449 2346 548 2383 (Mene
571 2347 631 2383 ΠΙ,
661 2344 741 2383 446);
771 2348 887 2375 Aurora
910 2348 1026 2374 noctem
1049 2349 1188 2376 terminat
1211 2346 1321 2383 <Ibid.)·,
1347 2347 1434 2376 Alma

131 2387 224 2414 mater
235 2385 391 2421 Augustini
411 2383 509 2421 (Mene
528 2386 583 2422 m,
603 2383 680 2422 448).
