1655 2534
644 124 904 160 —131—

255 214 380 249 Infra
404 212 610 252 Octasram.

279 299 325 327 Ad
344 300 428 329 Noet.
467 301 588 338 Antiph.

137 365 169 399 1.
195 367 311 398 Petrus
336 370 441 400 exstat
464 369 617 401 vocabulo

192 412 313 444 Lumen
338 413 433 447 situm
458 415 516 447 sub
541 416 658 456 modio,

193 459 429 493 Flammescens
454 462 501 493 sic
524 463 733 503 resplenduit,

194 507 284 546 Quod
310 507 466 541 universis
491 510 603 541 notuit.

123 574 154 605 2.
182 572 244 605 Hic
268 573 336 605 vita
359 577 486 606 sanctus
511 576 642 615 exstitit,

193 620 251 659 Qui
276 620 349 651 telis
373 620 474 653 hostis
499 622 627 662 restitit,

199 666 296 698 Liber
321 676 339 698 a
364 669 474 700 mundi
499 668 631 700 fulmine

193 712 291 744 Sedet
313 714 347 745 in
373 716 451 746 caeli
478 716 622 748 culmine.

135 779 167 810 3.
193 778 324 810 Domuit
346 782 435 811 artus
461 781 602 821 corporis

193 824 271 857 Cum
295 825 384 857 miris
405 827 616 867 abstinentiis,

191 872 400 904 Transcendit
424 874 575 905 humanas
601 874 683 905 vires

190 919 253 951 Per
277 928 376 951 annos
401 929 457 952 sex
480 920 641 953 undecies,

131 985 164 1017 4.
188 985 319 1016 Patrum
342 988 467 1017 secutus
491 985 650 1017 tramitem

191 1031 297 1063 Vitam
319 1031 414 1071 elegit
437 1033 596 1072 humilem,

188 1077 271 1109 Nam
295 1087 415 1111 summo
439 1078 602 1118 pontificio

192 1125 297 1157 Cessit
321 1125 426 1164 quieto
452 1126 565 1159 animo.

136 1194 166 1224 5.
192 1191 280 1222 Almi
304 1191 404 1230 patris
430 1192 556 1223 oraculo

191 1237 350 1270 Redditur
374 1238 479 1270 lumen
504 1239 640 1278 saeculo,

870 220 954 253 Dum
979 228 1088 260 sospes
1114 222 1246 262 quisque
1268 223 1422 267 graditur,

871 267 1038 307 Languore
1064 269 1117 307 qui
1144 269 1340 308 deprimitur.

840 350 848 358 ,
875 323 937 355 Vili
963 327 1126 356 contentus
1152 325 1288 365 tegmine

875 369 1010 402 Carnem
1036 370 1142 403 domat
1165 372 1300 412 ieiuniis,

872 416 968 449 Sacro
994 417 1154 450 calescens
1179 417 1306 450 flamine

874 464 952 496 Orat
976 463 1096 496 crebris
1121 465 1246 506 vigiliis.

840 544 848 552 .
875 519 995 552 Orabat
1019 528 1087 552 cum
1112 521 1256 561 suspiriis

873 567 917 598 Et
940 567 1013 598 altis
1039 567 1216 608 deslderiis,

874 613 988 653 Sicque
1011 615 1183 653 praescivit
1204 615 1323 646 obitum

873 660 994 692 Videns
1020 669 1143 693 crucem
1168 663 1209 694 ad
1234 663 1361 695 exitum.

840 740 847 747 .
873 716 957 747 Huic
981 717 1094 749 Petrus
1119 719 1276 760 apparuit,

875 763 959 795 Nam
985 764 1050 794 eius
1072 765 1175 796 locum
1199 765 1302 796 tenuit

874 809 919 841 Et
945 819 1059 841 nomen
1084 812 1150 843 eius
1176 812 1286 843 habuit

873 855 1015 895 Eiusque
1038 857 1105 889 vita
1130 859 1252 891 claruit.

837 935 845 942 .
873 910 988 942 Sancte
1012 913 1117 954 Petre,
1143 916 1236 952 pater
1262 914 1353 954 alme,

870 958 1022 989 Perennis
1046 967 1210 996 possessor
1233 961 1366 1000 palmae,

872 1005 910 1036 In
935 1008 1106 1043 conspectu
1128 1007 1239 1036 summi
1264 1007 1348 1046 regis

871 1050 997 1082 Memor
1021 1053 1087 1083 esto
1111 1052 1159 1083 tui
1182 1053 1295 1093 gregis,

871 1098 919 1131 Ut
941 1100 996 1128 tua
1020 1097 1156 1139 benigna
1179 1108 1275 1139 prece

873 1144 1046 1176 Oriminum
1069 1149 1205 1186 purgata
1228 1145 1318 1178 faece

872 1190 922 1222 De
945 1191 1062 1223 virtute
1086 1193 1119 1224 in
1144 1193 1292 1224 virtutem

874 1237 1065 1269 Gradiamur
1089 1240 1130 1270 ad
1155 1240 1296 1273 salutem.

193 1312 610 1340 Brev.ms.Caelestino1-um
629 1310 770 1340 saec-14.
804 1311 1074 1339 cod-Avenionen.
1099 1311 1152 1340 129
1172 1311 1220 1348 72
1240 1311 1305 1349 bis).
1326 1313 1360 1340 A.
1381 1328 1420 1332 —-

118 1351 203 1378 Brev.
230 1358 283 1376 ms.
311 1349 542 1377 Caelesfinorum
569 1358 645 1377 saec.
675 1348 718 1377 14.
759 1349 828 1377 Cod.
850 1350 992 1376 Mazarin.
1019 1347 1072 1377 361
1102 1333 1184 1384 ’778),
1207 1352 1240 1378 Β.
1267 1366 1304 1370 -
1330 1351 1417 1378 Brev.

118 1396 171 1415 ms.
200 1387 431 1415 Caelestinorum
459 1396 533 1415 saec.
559 1386 602 1415 14.
644 1387 712 1415 Cod.
739 1387 864 1414 Parisin.
891 1384 1014 1422 (Arsen.)
1042 1385 1105 1415 106.
1131 1388 1161 1416 Ο.
1186 1403 1225 1407 -
1250 1389 1334 1416 Brev.
1364 1398 1416 1417 ms.

121 1425 351 1453 Caelestinorum
386 1434 461 1453 saec.
493 1423 536 1452 15.
587 1424 656 1452 cod.
685 1425 773 1452 Univ.
801 1425 964 1451 Bononien.
995 1422 1078 1451 2275.
1107 1426 1144 1453 D.
1179 1440 1217 1444 —
1248 1426 1332 1453 Brev.
1364 1435 1416 1454 ms.

121 1463 350 1490 Caelestinorum
372 1470 447 1490 saec.
469 1461 512 1490 15.
553 1463 622 1491 Cod.
641 1463 783 1490 Mazarin.
804 1459 859 1489 357
878 1459 955 1497 (733)
973 1462 1010 1488 E.
1034 1476 1071 1482 —
1096 1463 1182 1490 Brev.
1202 1472 1253 1490 ms.
1276 1463 1416 1491 Caelesti-

118 1509 221 1528 norum
236 1508 311 1527 saec.
328 1498 371 1527 15.
402 1500 471 1528 God.
485 1498 704 1528 Parisin.1277.
718 1499 933 1535 F.—A.utiph.
947 1508 1000 1526 ms.
1016 1499 1264 1528 Caelestinorum
1256 1509 1329 1528 aec.
1346 1499 1381 1518 ¹⁵
1390 1510 1419 1529 ..e

120 1538 188 1566 Cod.
203 1538 325 1573 Pragen.
350 1538 423 1565 VIII
445 1538 467 1565 C
487 1537 531 1565 15.
546 1538 579 1566 G.
601 1552 638 1557 —
656 1538 742 1565 BreV.
759 1537 988 1565 Caelestinorum
1007 1538 1076 1571 imp.
1090 1539 1216 1574 Neapoli
1233 1536 1314 1566 1489
1331 1539 1366 1565 H.
1381 1554 1420 1558 —

116 1576 157 1604 In
175 1576 285 1604 Laud.
307 1574 329 1601 Α
349 1573 375 1608 3,
389 1574 409 1603 4
427 1576 567 1603 medicius
587 1576 619 1603 F.
634 1591 671 1595 ——
691 1576 736 1602 Ad
750 1572 858 1603 3211.ss
878 1574 928 1602 Sic
947 1576 976 1602 te
996 1577 1112 1603 ornavit
1126 1548 1174 1604 Gap
1180 1591 1217 1595 --
1232 1577 1307 1604 Ibid.
1329 1575 1349 1604 4
1368 1585 1420 1604 suo

118 1614 204 1641 dono.
224 1613 390 1640 —Infra
414 1613 488 1641 Oet.
510 1612 557 1640 ΑΑ
577 1613 723 1648 fehlenF;
744 1613 763 1639 Α
778 1611 795 1640 9
809 1612 881 1640 fehlt
895 1613 959 1640 ΕΗ.
977 1627 1016 1631 -
1034 1613 1131 1641 Hiezu
1150 1614 1198 1641 die
1217 1615 1369 1649 Hymnen:
1390 1616 1421 1642 in

120 1650 145 1679 1.
164 1652 265 1687 Vesp:
291 1651 328 1678 In
347 1652 477 1686 paradisi
497 1652 624 1679 culmine
642 1635 740 1685 (Ana’l.
755 1651 851 1684 XXII,
872 1648 952 1686 223);
973 1650 1011 1677 ad
1029 1651 1127 1679 Noeta
1154 1652 1302 1679 Plaudens
1329 1654 1421 1680 mater

119 1689 242 1717 ecclesia
252 1686 347 1724 (Anal.
347 1660 411 1723 P,IV
427 1687 504 1725 221);
520 1689 557 1717 ad
569 1689 698 1717 Laudes:
719 1689 786 1717 Lux
795 1689 1165 1717 sanctorumconfessorum
1178 1688 1274 1717 (Anal.
1284 1690 1335 1724 IV,
1347 1688 1420 1726 221).

411 1818 459 1850 47.
497 1818 533 1849 In
555 1817 771 1849 Translatione
793 1826 816 1849 s.
835 1816 925 1849 Petri
946 1817 1123 1850 Caelestini.

252 1908 298 1940 In
325 1907 355 1940 1.
383 1907 600 1947 Vesperis.

331 1981 524 2019 Antiphonae.

127 2041 157 2075 1.
183 2040 250 2073 Iste
274 2042 402 2073 sanctus
425 2041 459 2072 in
482 2043 604 2082 papatu

231 2087 351 2120 Multos
376 2088 474 2121 traxit
499 2097 516 2119 e
539 2091 670 2128 tartaro,

184 2136 268 2175 Quos
293 2144 313 2167 a
333 2144 390 2167 suo
413 2136 554 2169 incolatu

231 2182 396 2216 Liberavit
422 2184 461 2216 de
485 2183 648 2216 barathro.

126 2241 157 2272 2.
180 2240 219 2272 In
242 2241 362 2279 papatu
385 2249 449 2272 non
473 2240 607 2272 mutavit

229 2287 339 2319 Eremi
362 2287 459 2320 vitam
484 2296 640 2329 asperam,

184 2334 315 2374 Semper
338 2336 442 2369 tamen
469 2334 668 2368 conservavit

230 2381 362 2414 Solitam
386 2383 620 2418 abstinentiam.

806 1908 838 1941 3.
865 1907 958 1940 Alter
980 1908 1094 1940 Petrus
1118 1908 1171 1940 hic
1195 1908 1350 1948 probatur

911 1954 1114 1987 Miraculosis
1139 1955 1272 1998 actibus,

864 2001 947 2033 Dum
971 2002 1013 2034 ad
1037 2002 1181 2034 umbram
1205 2003 1365 2035 relevatur

912 2049 991 2081 Eius
1016 2049 1149 2088 quilibet
1172 2049 1349 2090 languidus.

808 2122 841 2153 4.
865 2119 952 2152 Loca
975 2120 1057 2159 petit
1082 2123 1231 2152 consueta

913 2166 1051 2205 Deserti,
1077 2170 1243 2207 postquam
1268 2168 1382 2207 renuit,

865 2214 977 2246 Laude
1000 2214 1160 2246 hominum
1184 2215 1247 2246 iam
1271 2218 1380 2255 spreta

909 2261 998 2293 Inter
1022 2265 1148 2295 sanctos
1173 2262 1295 2296 enituit.

795 2334 835 2368 R.
866 2334 890 2367 Ο
915 2333 1062 2365 miranda
1087 2336 1118 2366 et
1141 2334 1304 2367 laudanda

909 2380 1029 2415 Christi
1051 2381 1262 2426 providentia,

1204 2436 1222 2466 9
1230 2435 1246 2453 *
