1655 2534
672 61 924 96 *203-

313 155 357 186 In
383 155 611 189 Laudibus.
958 157 1007 189 In
1034 160 1066 190 2.
1095 158 1311 197 VesperiS.

1012 231 1058 258 Ad
1076 230 1254 267 Magnificat-

330 256 376 284 Λᾶ
395 258 582 286 Benedmms'
828 289 868 322 A.
899 288 1021 327 Dulcis,
1048 288 1134 320 mitis
1160 290 1190 319 et
1215 287 1359 328 benigne,

143 332 184 365 A.
215 333 393 365 Pretiosum
419 336 495 364 tunc
517 334 618 365 erexit,
892 335 990 367 Serve
1014 334 1106 374 bone,
1134 336 1201 367 Deo
1229 335 1333 373 digne,

216 380 361 413 Christus
380 389 485 422 cornu,
511 380 585 412 dum
601 382 769 420 prospexit
895 381 1088 421 Theobalde,
1114 390 1197 413 nune
1220 382 1385 419 memento,

214 427 268 459 Ad
292 426 399 458 Pineti
424 427 547 459 moenia
897 430 963 468 Quo
987 428 1107 469 labore,
1134 436 1194 467 quo
1220 429 1376 459 tormento

213 474 317 505 Tanta
339 482 399 512 per
423 474 546 516 exenia,
894 476 1039 515 Regnum
1066 474 1184 507 Christi
1209 474 1372 516 meruisti3

213 520 396 553 Theobaldi
421 521 526 552 varias
894 522 963 554 Tua
987 531 1083 561 prece
1112 530 1171 553 nos
1198 522 1328 561 dignare

213 567 264 600 Ibi
287 568 366 599 dans
392 568 554 607 reliquias.
894 569 967 600 Iesu
998 567 1123 601 Christo
1155 568 1384 600 commendare.

223 652 308 679 Brev.
328 651 499 679 Basileense
526 651 596 686 imp.
627 659 651 679 s.
671 650 690 677 1.
712 648 794 678 1478.
816 665 852 669 -—
872 652 934 679 Das
957 651 1061 688 ubrige.
1081 650 1216 679 Officium
1236 651 1272 678 de
1291 651 1448 678 communi.

142 689 184 716 Es
206 690 344 717 scheinen
366 690 435 717 aber
455 689 536 716 diese
556 690 588 715 in
607 688 673 715 dem
693 688 797 716 Basler
809 689 930 716 Brevier
951 688 1119 716 erhaltenen
1131 689 1214 716 Teile
1235 689 1281 716 die
1296 689 1451 716 Trilmmer

143 728 223 754 eines
242 726 459 762 vollst‘zindigen
479 724 627 753 Officiums
648 734 686 752 zu
705 727 778 753 sein.
817 726 1073 754 Wahrscheinlich
1094 728 1262 754 ent-stammt
1281 726 1450 753 demsclben

142 764 217 792 auch
237 765 285 791 die
306 762 328 789 Α
349 765 409 791 und
429 764 480 791 das
500 763 597 797 Iuvit„
619 762 742 790 welches
764 763 834 790 Cod.
856 763 1006 790 Colonien.
1027 762 1073 791 28.
1096 771 1171 791 saec.
1193 762 1227 791 15
1247 764 1354 791 bietet:

366 811 401 838 A.
428 809 543 845 Optime
565 811 714 837 decertans
734 818 786 845 pro
808 809 923 837 Christo
944 810 1077 845 principe
1097 810 1180 837 miles

462 847 648 875 Theobaldus
669 855 806 882 superum
825 848 986 882 promeruit
1005 847 1149 875 bravium.

425 886 540 920 Hicque
560 883 737 919 triumphato
757 884 882 911 feliciter
902 885 987 911 hoste
1004 885 1134 920 maligno

463 922 580 950 Gaudet
598 922 723 957 collegio
743 921 870 957 digniter
891 921 1033 957 angelico.

423 961 584 995 Propterea
603 960 699 987 cuncti
720 958 904 986 modulantes
925 959 1046 986 vocibus
1067 958 1138 986 odas

459 998 600 1025 Dicamus
621 998 731 1024 cuncti:
753 996 863 1030 Gloria,
886 996 1009 1030 Christe,
1030 997 1094 1024 tibi.

422 1046 510 1073 Invit.
537 1045 680 1072 Adoretur
698 1044 752 1071 flos
771 1044 892 1078 Mariae,

536 1082 600 1109 Rex
620 1081 753 1109 caelestis
776 1081 882 1114 curiae,

538 1120 596 1153 Qui
618 1119 741 1146 militem
762 1126 846 1145 suum
867 1117 1068 1146 'theobaldum

537 1158 582 1185 Ab
603 1157 692 1183 armis
714 1156 881 1184 sublevavit
904 1156 941 1183 ad
961 1155 1082 1183 caelum.

137 1206 277 1233 Dieselbe
305 1205 409 1238 Quelle
436 1204 489 1231 hat
518 1212 572 1231 uns
604 1202 679 1230 auch
708 1204 773 1230 eine
798 1201 923 1238 Strophe
953 1210 1006 1229 aus
1037 1203 1131 1229 einem
1158 1202 1288 1237 Hymnus
1319 1201 1371 1228 auf
1391 1201 1448 1228 den

139 1243 279 1280 Heiligen
302 1242 448 1270 erhalten:
468 1242 542 1269 Item
563 1249 663 1268 versus
682 1239 799 1276 hymni:

544 1289 617 1316 Plus
638 1289 730 1315 currit
746 1288 778 1314 in
803 1287 962 1313 certamine

544 1327 700 1353 Confessor
719 1326 776 1352 iste
799 1326 954 1356 sustinens,

545 1365 640 1398 Quam
660 1365 769 1397 martyr
787 1363 862 1389 ictus
883 1361 1031 1394 sufferens,

542 1402 683 1429 Muci-one
702 1400 825 1428 fundens
846 1400 1026 1434 sanguinem.

576 1512 622 1542 75.
648 1510 690 1542 De
713 1510 820 1542 saneto
841 1508 1003 1541 Theodolo.

276 1595 323 1626 In
350 1595 380 1628 1.
406 1593 625 1632 Vesper-is.
834 1589 867 1621 4.
893 1589 968 1621 Iure
992 1587 1113 1619 Christi

415 1669 421 1675 ⁸
938 1633 1120 1674 praefertur
1145 1635 1254 1666 ovibus

353 1668 549 1703 Annphonae.
892 1681 1101 1719 Gubernator,

153 1727 184 1760 1.
210 1727 349 1760 Illustris
374 1726 485 1758 civitas
939 1729 992 1768 qui
1018 1729 1091 1760 dum
1118 1728 1287 1760 virtutibus

254 1773 406 1806 Subiaeet
426 1772 576 1812 Alpibus,
892 1776 1046 1809 Ooruscat
1071 1779 1103 1807 et,
1124 1775 1296 1818 miraculis,

207 1821 305 1855 Cuius
331 1820 504 1853 amoenitas
891 1823 962 1855 Suis
988 1824 1114 1855 vilescit
1137 1824 1247 1857 oculis,

253 1868 382 1901 ACCOHS
407 1867 551 1920 Omnibus
833 1881 864 1913 5.
892 1881 1008 1913 Curam
1032 1888 1145 1920 gerens
1170 1881 1275 1912 ovium

301 1915 403 1948 Grata
426 1914 565 1947 Vldetffl'·
890 1927 1013 1959 Lumen
1037 1927 1147 1958 subtus
1172 1927 1322 1966 modium,

144 1975 175 2006 2.
201 1973 295 2005 Hanc
320 1972 480 2005 Sedunum
506 1980 560 2004 ore
579 1971 649 2011 pari
891 1974 981 2014 Quod
1005 1970 1161 2014 flagrabat
1186 1974 1218 2005 in
1244 1976 1382 2014 pectore,

204 2020 364 2054 Iudicavit
387 2020 544 2060 appellari
890 2022 964 2054 Non
989 2021 1139 2060 occultae,
1165 2020 1336 2053 Theodole.

248 2068 380 2100 Patr-um
408 2066 560 2101 definitio.
818 2077 857 2111 R,
890 2077 949 2116 Qui
973 2076 1043 2119 tibi,
1070 2075 1242 2115 Theodole,

144 2125 175 2157 3.
202 2124 374 2164 Postquam
402 2123 550 2156 occubuit
936 2123 1054 2156 celebri
1079 2122 1273 2155 famulantur
1297 2124 1429 2164 honore⁷

200 2172 344 2211 PraesuI,
369 2181 460 2212 quem
485 2171 607 2212 habuit,
889 2171 947 2210 Qui
972 2170 1031 2203 tibi
1054 2170 1257 2203 multimodas

200 2218 292 2251 Dono
318 2220 465 2252 caelestis
490 2219 612 2259 gratiae
935 2219 1126 2258 impendunt
1150 2219 1299 2250 carminis
1324 2220 1414 2260 odas,

203 2265 394 2300 Sedunensis
418 2267 571 2299 ecclesiae
888 2267 1050 2299 Secretum
1078 2265 1182 2297 cordis

201 2314 316 2347 Curam
341 2315 477 2355 sumpsit
500 2314 694 2348 TheodoluS.
935 2314 1068 2346 mundes
1094 2322 1113 2345 a
1138 2313 1271 2352 pulvere
1295 2314 1412 2355 sordis,
