<?xml version="1.0" encoding="UTF-8"?>
<!DOCTYPE html PUBLIC "-//W3C//DTD XHTML 1.0 Transitional//EN"
    "http://www.w3.org/TR/xhtml1/DTD/xhtml1-transitional.dtd">
<html xmlns="http://www.w3.org/1999/xhtml" xml:lang="en" lang="en">
 <head>
  <title>
</title>
<meta http-equiv="Content-Type" content="text/html;charset=utf-8" />
  <meta name='ocr-system' content='tesseract 3.04.00' />
  <meta name='ocr-capabilities' content='ocr_page ocr_carea ocr_par ocr_line ocrx_word'/>
</head>
<body>
  <div class='ocr_page' id='page_1' title='image "./analectahymnica28drevuoft_00155.png"; bbox 0 0 1655 2534; ppageno 0'>
   <div class='ocr_carea' id='block_1_1' title="bbox 684 127 939 163">
    <p class='ocr_par' dir='ltr' id='par_1_1' title="bbox 684 127 939 163">
     <span class='ocr_line' id='line_1_1' title="bbox 684 127 939 163; baseline -0.008 1"><span class='ocrx_word' id='word_1_1' title='bbox 684 127 939 163; x_wconf 82' lang='lat'>—152--</span> 
     </span>
    </p>
   </div>
   <div class='ocr_carea' id='block_1_2' title="bbox 295 229 646 263">
    <p class='ocr_par' dir='ltr' id='par_1_2' title="bbox 295 229 646 263">
     <span class='ocr_line' id='line_1_2' title="bbox 295 229 646 263; baseline -0.006 -1"><span class='ocrx_word' id='word_1_2' title='bbox 295 231 340 262; x_wconf 87' lang='lat' dir='ltr'>In</span> <span class='ocrx_word' id='word_1_3' title='bbox 364 230 394 263; x_wconf 79' lang='lat'>2.</span> <span class='ocrx_word' id='word_1_4' title='bbox 419 229 646 261; x_wconf 71' lang='lat' dir='ltr'>Nocturno.</span> 
     </span>
    </p>
   </div>
   <div class='ocr_carea' id='block_1_3' title="bbox 378 322 571 358">
    <p class='ocr_par' dir='ltr' id='par_1_3' title="bbox 378 322 571 358">
     <span class='ocr_line' id='line_1_3' title="bbox 378 322 571 358; baseline -0.016 -8"><span class='ocrx_word' id='word_1_5' title='bbox 378 322 571 358; x_wconf 84' lang='lat' dir='ltr'>Antiphonae.</span> 
     </span>
    </p>
   </div>
   <div class='ocr_carea' id='block_1_4' title="bbox 187 394 722 570">
    <p class='ocr_par' dir='ltr' id='par_1_4' title="bbox 187 394 722 570">
     <span class='ocr_line' id='line_1_4' title="bbox 187 394 668 436; baseline -0.019 -3"><span class='ocrx_word' id='word_1_6' title='bbox 187 399 216 433; x_wconf 91' lang='lat'>1.</span> <span class='ocrx_word' id='word_1_7' title='bbox 241 399 283 432; x_wconf 87' lang='lat' dir='ltr'>Hi</span> <span class='ocrx_word' id='word_1_8' title='bbox 307 398 501 436; x_wconf 84' lang='lat' dir='ltr'>habitabunt,</span> <span class='ocrx_word' id='word_1_9' title='bbox 527 394 668 433; x_wconf 86' lang='lat' dir='ltr'>Domine,</span> 
     </span>
     <span class='ocr_line' id='line_1_5' title="bbox 288 443 636 483; baseline -0.014 -6"><span class='ocrx_word' id='word_1_10' title='bbox 288 447 326 478; x_wconf 89' lang='lat' dir='ltr'>In</span> <span class='ocrx_word' id='word_1_11' title='bbox 349 447 402 476; x_wconf 88' lang='lat' dir='ltr'>tuo</span> <span class='ocrx_word' id='word_1_12' title='bbox 427 443 636 483; x_wconf 82' lang='lat' dir='ltr'>tabernaculo,</span> 
     </span>
     <span class='ocr_line' id='line_1_6' title="bbox 241 486 722 530; baseline -0.015 -6"><span class='ocrx_word' id='word_1_13' title='bbox 241 492 300 530; x_wconf 82' lang='lat' dir='ltr'>Qui</span> <span class='ocrx_word' id='word_1_14' title='bbox 322 491 453 523; x_wconf 86' lang='lat' dir='ltr'>mercati</span> <span class='ocrx_word' id='word_1_15' title='bbox 477 492 549 522; x_wconf 89' lang='lat' dir='ltr'>sunt</span> <span class='ocrx_word' id='word_1_16' title='bbox 574 486 722 526; x_wconf 87' lang='lat' dir='ltr'>sanguine</span> 
     </span>
     <span class='ocr_line' id='line_1_7' title="bbox 287 534 666 570; baseline -0.016 0"><span class='ocrx_word' id='word_1_17' title='bbox 287 538 511 570; x_wconf 86' lang='lat' dir='ltr'>Renuntiantes</span> <span class='ocrx_word' id='word_1_18' title='bbox 534 534 666 567; x_wconf 84' lang='lat' dir='ltr'>saeculo.</span> 
     </span>
    </p>
   </div>
   <div class='ocr_carea' id='block_1_5' title="bbox 185 598 728 777">
    <p class='ocr_par' dir='ltr' id='par_1_5' title="bbox 185 598 728 685">
     <span class='ocr_line' id='line_1_8' title="bbox 185 598 707 635; baseline -0.015 0"><span class='ocrx_word' id='word_1_19' title='bbox 185 606 215 635; x_wconf 85' lang='lat'>2.</span> <span class='ocrx_word' id='word_1_20' title='bbox 241 602 312 635; x_wconf 84' lang='lat' dir='ltr'>Non</span> <span class='ocrx_word' id='word_1_21' title='bbox 339 601 427 634; x_wconf 86' lang='lat' dir='ltr'>dabis</span> <span class='ocrx_word' id='word_1_22' title='bbox 452 602 575 633; x_wconf 88' lang='lat' dir='ltr'>sanctos</span> <span class='ocrx_word' id='word_1_23' title='bbox 599 598 707 631; x_wconf 86' lang='lat' dir='ltr'>videre</span> 
     </span>
     <span class='ocr_line' id='line_1_9' title="bbox 288 644 728 685; baseline -0.016 -5"><span class='ocrx_word' id='word_1_24' title='bbox 288 649 461 680; x_wconf 82' lang='lat' dir='ltr'>Poenarum</span> <span class='ocrx_word' id='word_1_25' title='bbox 487 644 728 685; x_wconf 79' lang='lat' dir='ltr'>corruptionem,</span> 
     </span>
    </p>

    <p class='ocr_par' dir='ltr' id='par_1_6' title="bbox 240 692 723 777">
     <span class='ocr_line' id='line_1_10' title="bbox 240 692 676 734; baseline -0.016 -7"><span class='ocrx_word' id='word_1_26' title='bbox 240 695 299 733; x_wconf 69' lang='lat' dir='ltr'>Qui</span> <span class='ocrx_word' id='word_1_27' title='bbox 322 702 378 734; x_wconf 84' lang='lat' dir='ltr'>pro</span> <span class='ocrx_word' id='word_1_28' title='bbox 404 696 435 724; x_wconf 89' lang='lat' dir='ltr'>te</span> <span class='ocrx_word' id='word_1_29' title='bbox 458 702 521 725; x_wconf 88' lang='lat' dir='ltr'>non</span> <span class='ocrx_word' id='word_1_30' title='bbox 544 692 676 722; x_wconf 87' lang='lat' dir='ltr'>timuere</span> 
     </span>
     <span class='ocr_line' id='line_1_11' title="bbox 287 736 723 777; baseline -0.011 -5"><span class='ocrx_word' id='word_1_31' title='bbox 287 739 399 772; x_wconf 81' lang='lat' dir='ltr'>Mortis</span> <span class='ocrx_word' id='word_1_32' title='bbox 426 740 514 771; x_wconf 83' lang='lat' dir='ltr'>dirae</span> <span class='ocrx_word' id='word_1_33' title='bbox 537 736 723 777; x_wconf 85' lang='lat' dir='ltr'>passionem.</span> 
     </span>
    </p>
   </div>
   <div class='ocr_carea' id='block_1_6' title="bbox 183 804 556 844">
    <p class='ocr_par' dir='ltr' id='par_1_7' title="bbox 183 804 556 844">
     <span class='ocr_line' id='line_1_12' title="bbox 183 804 556 844; baseline -0.013 -5"><span class='ocrx_word' id='word_1_34' title='bbox 183 808 213 839; x_wconf 82' lang='lat'>3.</span> <span class='ocrx_word' id='word_1_35' title='bbox 238 807 304 838; x_wconf 85' lang='lat' dir='ltr'>Ista</span> <span class='ocrx_word' id='word_1_36' title='bbox 328 808 375 836; x_wconf 83' lang='lat' dir='ltr'>est</span> <span class='ocrx_word' id='word_1_37' title='bbox 398 804 556 844; x_wconf 82' lang='lat' dir='ltr'>generatio</span> 
     </span>
    </p>
   </div>
   <div class='ocr_carea' id='block_1_7' title="bbox 289 846 770 890">
    <p class='ocr_par' dir='ltr' id='par_1_8' title="bbox 289 846 770 890">
     <span class='ocr_line' id='line_1_13' title="bbox 289 846 770 890; baseline -0.012 -6"><span class='ocrx_word' id='word_1_38' title='bbox 289 851 508 890; x_wconf 76' lang='lat' dir='ltr'>Quaerentium</span> <span class='ocrx_word' id='word_1_39' title='bbox 534 848 649 880; x_wconf 89' lang='lat' dir='ltr'>mundo</span> <span class='ocrx_word' id='word_1_40' title='bbox 676 846 770 879; x_wconf 84' lang='lat' dir='ltr'>corde</span> 
     </span>
    </p>
   </div>
   <div class='ocr_carea' id='block_1_8' title="bbox 240 895 733 982">
    <p class='ocr_par' dir='ltr' id='par_1_9' title="bbox 240 895 733 982">
     <span class='ocr_line' id='line_1_14' title="bbox 240 895 690 935; baseline -0.013 -4"><span class='ocrx_word' id='word_1_41' title='bbox 240 899 285 931; x_wconf 82' lang='lat' dir='ltr'>Te</span> <span class='ocrx_word' id='word_1_42' title='bbox 309 898 409 930; x_wconf 90' lang='lat' dir='ltr'>Deum</span> <span class='ocrx_word' id='word_1_43' title='bbox 435 905 503 928; x_wconf 82' lang='lat' dir='ltr'>cum</span> <span class='ocrx_word' id='word_1_44' title='bbox 529 895 690 935; x_wconf 87' lang='lat' dir='ltr'>martyrio,</span> 
     </span>
     <span class='ocr_line' id='line_1_15' title="bbox 289 940 733 982; baseline -0.014 -5"><span class='ocrx_word' id='word_1_45' title='bbox 289 944 470 977; x_wconf 81' lang='lat' dir='ltr'>Carentium</span> <span class='ocrx_word' id='word_1_46' title='bbox 495 943 605 982; x_wconf 84' lang='lat' dir='ltr'>culpae</span> <span class='ocrx_word' id='word_1_47' title='bbox 628 940 733 975; x_wconf 79' lang='lat' dir='ltr'>sorde.</span> 
     </span>
    </p>
   </div>
   <div class='ocr_carea' id='block_1_9' title="bbox 375 1035 578 1071">
    <p class='ocr_par' dir='ltr' id='par_1_10' title="bbox 375 1035 578 1071">
     <span class='ocr_line' id='line_1_16' title="bbox 375 1035 578 1071; baseline -0.01 -8"><span class='ocrx_word' id='word_1_48' title='bbox 375 1035 578 1071; x_wconf 77' lang='lat' dir='ltr'>Responson’a.</span> 
     </span>
    </p>
   </div>
   <div class='ocr_carea' id='block_1_10' title="bbox 177 1111 751 1521">
    <p class='ocr_par' dir='ltr' id='par_1_11' title="bbox 177 1111 751 1521">
     <span class='ocr_line' id='line_1_17' title="bbox 187 1111 603 1152; baseline -0.007 -8"><span class='ocrx_word' id='word_1_49' title='bbox 187 1114 215 1144; x_wconf 92' lang='lat'>1.</span> <span class='ocrx_word' id='word_1_50' title='bbox 240 1111 356 1144; x_wconf 83' lang='lat' dir='ltr'>Educti</span> <span class='ocrx_word' id='word_1_51' title='bbox 383 1111 422 1142; x_wconf 90' lang='lat' dir='ltr'>de</span> <span class='ocrx_word' id='word_1_52' title='bbox 447 1111 603 1152; x_wconf 81' lang='lat' dir='ltr'>ergastulo</span> 
     </span>
     <span class='ocr_line' id='line_1_18' title="bbox 287 1155 714 1197; baseline -0.014 -7"><span class='ocrx_word' id='word_1_53' title='bbox 287 1158 485 1197; x_wconf 78' lang='lat' dir='ltr'>Deductique</span> <span class='ocrx_word' id='word_1_54' title='bbox 508 1155 714 1196; x_wconf 75' lang='lat' dir='ltr'>Marocfflum,</span> 
     </span>
     <span class='ocr_line' id='line_1_19' title="bbox 244 1201 653 1242; baseline -0.01 -6"><span class='ocrx_word' id='word_1_55' title='bbox 244 1203 354 1237; x_wconf 88' lang='lat' dir='ltr'>Coram</span> <span class='ocrx_word' id='word_1_56' title='bbox 378 1204 512 1235; x_wconf 87' lang='lat' dir='ltr'>barbaro</span> <span class='ocrx_word' id='word_1_57' title='bbox 538 1201 653 1242; x_wconf 87' lang='lat' dir='ltr'>populo</span> 
     </span>
     <span class='ocr_line' id='line_1_20' title="bbox 288 1248 688 1286; baseline -0.013 -4"><span class='ocrx_word' id='word_1_58' title='bbox 288 1251 463 1282; x_wconf 87' lang='lat' dir='ltr'>Observant</span> <span class='ocrx_word' id='word_1_59' title='bbox 488 1248 688 1286; x_wconf 81' lang='lat' dir='ltr'>desiderium,</span> 
     </span>
     <span class='ocr_line' id='line_1_21' title="bbox 242 1294 662 1334; baseline -0.01 -5"><span class='ocrx_word' id='word_1_60' title='bbox 242 1296 474 1329; x_wconf 76' lang='lat' dir='ltr'>Praedicabant</span> <span class='ocrx_word' id='word_1_61' title='bbox 498 1296 531 1326; x_wconf 88' lang='lat' dir='ltr'>in</span> <span class='ocrx_word' id='word_1_62' title='bbox 554 1294 662 1334; x_wconf 85' lang='lat' dir='ltr'>patulo</span> 
     </span>
     <span class='ocr_line' id='line_1_22' title="bbox 289 1340 718 1381; baseline -0.007 -6"><span class='ocrx_word' id='word_1_63' title='bbox 289 1344 458 1375; x_wconf 77' lang='lat' dir='ltr'>Praesente</span> <span class='ocrx_word' id='word_1_64' title='bbox 482 1350 557 1381; x_wconf 83' lang='lat' dir='ltr'>rege</span> <span class='ocrx_word' id='word_1_65' title='bbox 580 1340 718 1381; x_wconf 86' lang='lat' dir='ltr'>gentium</span> 
     </span>
     <span class='ocr_line' id='line_1_23' title="bbox 177 1387 659 1430; baseline -0.008 -8"><span class='ocrx_word' id='word_1_66' title='bbox 177 1390 214 1422; x_wconf 90' lang='lat' dir='ltr'>V.</span> <span class='ocrx_word' id='word_1_67' title='bbox 246 1389 357 1430; x_wconf 66' lang='lat' dir='ltr'>Iesum,</span> <span class='ocrx_word' id='word_1_68' title='bbox 385 1390 436 1428; x_wconf 88' lang='lat' dir='ltr'>qui</span> <span class='ocrx_word' id='word_1_69' title='bbox 460 1390 493 1421; x_wconf 90' lang='lat' dir='ltr'>in</span> <span class='ocrx_word' id='word_1_70' title='bbox 518 1387 659 1428; x_wconf 88' lang='lat' dir='ltr'>patibulo</span> 
     </span>
     <span class='ocr_line' id='line_1_24' title="bbox 245 1433 678 1472; baseline -0.012 -4"><span class='ocrx_word' id='word_1_71' title='bbox 245 1435 343 1468; x_wconf 77' lang='lat' dir='ltr'>Solvit</span> <span class='ocrx_word' id='word_1_72' title='bbox 369 1446 388 1468; x_wconf 82' lang='lat' dir='ltr'>a</span> <span class='ocrx_word' id='word_1_73' title='bbox 411 1436 519 1467; x_wconf 87' lang='lat' dir='ltr'>mortis</span> <span class='ocrx_word' id='word_1_74' title='bbox 543 1433 678 1472; x_wconf 86' lang='lat' dir='ltr'>vinculo,</span> 
     </span>
     <span class='ocr_line' id='line_1_25' title="bbox 292 1479 751 1521; baseline -0.009 -8"><span class='ocrx_word' id='word_1_75' title='bbox 292 1482 374 1521; x_wconf 73' lang='lat' dir='ltr'>Quos</span> <span class='ocrx_word' id='word_1_76' title='bbox 398 1481 588 1520; x_wconf 82' lang='lat' dir='ltr'>praedilexit</span> <span class='ocrx_word' id='word_1_77' title='bbox 612 1479 751 1511; x_wconf 88' lang='lat' dir='ltr'>nimium.</span> 
     </span>
    </p>
   </div>
   <div class='ocr_carea' id='block_1_11' title="bbox 179 1543 728 1948">
    <p class='ocr_par' dir='ltr' id='par_1_12' title="bbox 179 1543 728 1948">
     <span class='ocr_line' id='line_1_26' title="bbox 187 1543 728 1580; baseline -0.007 -2"><span class='ocrx_word' id='word_1_78' title='bbox 187 1549 219 1580; x_wconf 82' lang='lat'>2.</span> <span class='ocrx_word' id='word_1_79' title='bbox 244 1547 313 1579; x_wconf 79' lang='lat' dir='ltr'>Rex</span> <span class='ocrx_word' id='word_1_80' title='bbox 337 1556 408 1578; x_wconf 79' lang='lat' dir='ltr'>mox</span> <span class='ocrx_word' id='word_1_81' title='bbox 431 1554 598 1577; x_wconf 82' lang='lat' dir='ltr'>succensus</span> <span class='ocrx_word' id='word_1_82' title='bbox 620 1543 728 1575; x_wconf 80' lang='lat' dir='ltr'>furore</span> 
     </span>
     <span class='ocr_line' id='line_1_27' title="bbox 291 1590 649 1625; baseline -0.008 -1"><span class='ocrx_word' id='word_1_83' title='bbox 291 1593 383 1625; x_wconf 87' lang='lat' dir='ltr'>Iubet</span> <span class='ocrx_word' id='word_1_84' title='bbox 405 1601 425 1623; x_wconf 91' lang='lat' dir='ltr'>a</span> <span class='ocrx_word' id='word_1_85' title='bbox 448 1593 511 1623; x_wconf 82' lang='lat' dir='ltr'>suis</span> <span class='ocrx_word' id='word_1_86' title='bbox 535 1590 649 1622; x_wconf 87' lang='lat' dir='ltr'>finibus</span> 
     </span>
     <span class='ocr_line' id='line_1_28' title="bbox 244 1638 674 1679; baseline -0.009 -8"><span class='ocrx_word' id='word_1_87' title='bbox 244 1638 311 1671; x_wconf 89' lang='lat' dir='ltr'>Hos</span> <span class='ocrx_word' id='word_1_88' title='bbox 336 1639 461 1679; x_wconf 78' lang='lat' dir='ltr'>expelli,</span> <span class='ocrx_word' id='word_1_89' title='bbox 487 1638 538 1678; x_wconf 86' lang='lat' dir='ltr'>qui</span> <span class='ocrx_word' id='word_1_90' title='bbox 562 1638 674 1668; x_wconf 87' lang='lat' dir='ltr'>timore</span> 
     </span>
     <span class='ocr_line' id='line_1_29' title="bbox 289 1684 658 1724; baseline -0.005 -8"><span class='ocrx_word' id='word_1_91' title='bbox 289 1685 436 1724; x_wconf 85' lang='lat' dir='ltr'>Inpavidi</span> <span class='ocrx_word' id='word_1_92' title='bbox 460 1686 493 1716; x_wconf 92' lang='lat' dir='ltr'>in</span> <span class='ocrx_word' id='word_1_93' title='bbox 518 1684 658 1715; x_wconf 86' lang='lat' dir='ltr'>omnibus</span> 
     </span>
     <span class='ocr_line' id='line_1_30' title="bbox 246 1729 697 1764; baseline -0.007 -1"><span class='ocrx_word' id='word_1_94' title='bbox 246 1731 456 1764; x_wconf 86' lang='lat' dir='ltr'>Revertuntur</span> <span class='ocrx_word' id='word_1_95' title='bbox 481 1739 550 1762; x_wconf 90' lang='lat' dir='ltr'>cum</span> <span class='ocrx_word' id='word_1_96' title='bbox 573 1729 697 1761; x_wconf 84' lang='lat' dir='ltr'>fervore</span> 
     </span>
     <span class='ocr_line' id='line_1_31' title="bbox 292 1775 710 1817; baseline -0.007 -8"><span class='ocrx_word' id='word_1_97' title='bbox 292 1777 403 1809; x_wconf 81' lang='lat' dir='ltr'>Coram</span> <span class='ocrx_word' id='word_1_98' title='bbox 426 1777 509 1817; x_wconf 85' lang='lat' dir='ltr'>lupis</span> <span class='ocrx_word' id='word_1_99' title='bbox 534 1775 710 1816; x_wconf 78' lang='lat' dir='ltr'>rapacibus,</span> 
     </span>
     <span class='ocr_line' id='line_1_32' title="bbox 179 1823 659 1856; baseline -0.006 0"><span class='ocrx_word' id='word_1_100' title='bbox 179 1825 216 1856; x_wconf 90' lang='lat' dir='ltr'>V.</span> <span class='ocrx_word' id='word_1_101' title='bbox 246 1824 360 1856; x_wconf 88' lang='lat' dir='ltr'>Mortis</span> <span class='ocrx_word' id='word_1_102' title='bbox 385 1823 507 1855; x_wconf 89' lang='lat' dir='ltr'>sublato</span> <span class='ocrx_word' id='word_1_103' title='bbox 530 1823 659 1854; x_wconf 87' lang='lat' dir='ltr'>horrore</span> 
     </span>
     <span class='ocr_line' id='line_1_33' title="bbox 249 1870 662 1902; baseline -0.005 0"><span class='ocrx_word' id='word_1_104' title='bbox 249 1870 392 1902; x_wconf 84' lang='lat' dir='ltr'>Nominis</span> <span class='ocrx_word' id='word_1_105' title='bbox 417 1870 534 1902; x_wconf 85' lang='lat' dir='ltr'>Christi</span> <span class='ocrx_word' id='word_1_106' title='bbox 557 1877 662 1901; x_wconf 86' lang='lat' dir='ltr'>amore</span> 
     </span>
     <span class='ocr_line' id='line_1_34' title="bbox 294 1916 661 1948; baseline -0.005 0"><span class='ocrx_word' id='word_1_107' title='bbox 294 1916 463 1948; x_wconf 82' lang='lat' dir='ltr'>Derelictis</span> <span class='ocrx_word' id='word_1_108' title='bbox 490 1916 661 1947; x_wconf 73' lang='lat' dir='ltr'>comitibus.</span> 
     </span>
    </p>
   </div>
   <div class='ocr_carea' id='block_1_12' title="bbox 193 1981 701 2255">
    <p class='ocr_par' dir='ltr' id='par_1_13' title="bbox 193 1981 701 2255">
     <span class='ocr_line' id='line_1_35' title="bbox 193 1981 668 2014; baseline -0.006 0"><span class='ocrx_word' id='word_1_109' title='bbox 193 1983 223 2014; x_wconf 84' lang='lat'>3.</span> <span class='ocrx_word' id='word_1_110' title='bbox 251 1981 357 2014; x_wconf 80' lang='lat' dir='ltr'>Sancti</span> <span class='ocrx_word' id='word_1_111' title='bbox 381 1981 441 2014; x_wconf 91' lang='lat' dir='ltr'>Dei</span> <span class='ocrx_word' id='word_1_112' title='bbox 467 1983 668 2013; x_wconf 77' lang='lat' dir='ltr'>carcerantur</span> 
     </span>
     <span class='ocr_line' id='line_1_36' title="bbox 294 2028 641 2067; baseline -0.006 -8"><span class='ocrx_word' id='word_1_113' title='bbox 294 2028 411 2060; x_wconf 72' lang='lat' dir='ltr'>lterum</span> <span class='ocrx_word' id='word_1_114' title='bbox 434 2028 522 2059; x_wconf 87' lang='lat' dir='ltr'>iussu</span> <span class='ocrx_word' id='word_1_115' title='bbox 544 2028 641 2067; x_wconf 87' lang='lat' dir='ltr'>impio</span> 
     </span>
     <span class='ocr_line' id='line_1_37' title="bbox 247 2074 684 2115; baseline -0.007 -8"><span class='ocrx_word' id='word_1_116' title='bbox 247 2075 344 2115; x_wconf 84' lang='lat' dir='ltr'>Regis</span> <span class='ocrx_word' id='word_1_117' title='bbox 369 2077 462 2114; x_wconf 87' lang='lat' dir='ltr'>atque</span> <span class='ocrx_word' id='word_1_118' title='bbox 486 2074 684 2107; x_wconf 81' lang='lat' dir='ltr'>vinculantur</span> 
     </span>
     <span class='ocr_line' id='line_1_38' title="bbox 294 2120 683 2161; baseline -0.005 -8"><span class='ocrx_word' id='word_1_119' title='bbox 294 2122 421 2161; x_wconf 87' lang='lat' dir='ltr'>Absque</span> <span class='ocrx_word' id='word_1_120' title='bbox 444 2122 508 2154; x_wconf 92' lang='lat' dir='ltr'>ullo</span> <span class='ocrx_word' id='word_1_121' title='bbox 534 2120 683 2160; x_wconf 89' lang='lat' dir='ltr'>remedio,</span> 
     </span>
     <span class='ocr_line' id='line_1_39' title="bbox 246 2167 619 2200; baseline -0.003 0"><span class='ocrx_word' id='word_1_122' title='bbox 246 2167 289 2200; x_wconf 88' lang='lat' dir='ltr'>Ut</span> <span class='ocrx_word' id='word_1_123' title='bbox 314 2167 423 2200; x_wconf 84' lang='lat' dir='ltr'>afflicti</span> <span class='ocrx_word' id='word_1_124' title='bbox 447 2168 619 2200; x_wconf 75' lang='lat' dir='ltr'>moriantur</span> 
     </span>
     <span class='ocr_line' id='line_1_40' title="bbox 292 2214 701 2255; baseline -0.002 -9"><span class='ocrx_word' id='word_1_125' title='bbox 292 2214 409 2255; x_wconf 84' lang='lat' dir='ltr'>Famis,</span> <span class='ocrx_word' id='word_1_126' title='bbox 435 2215 503 2247; x_wconf 82' lang='lat' dir='ltr'>sitis</span> <span class='ocrx_word' id='word_1_127' title='bbox 528 2214 701 2255; x_wconf 80' lang='lat' dir='ltr'>supplici03</span> 
     </span>
    </p>
   </div>
   <div class='ocr_carea' id='block_1_13' title="bbox 837 215 1349 254">
    <p class='ocr_par' dir='ltr' id='par_1_14' title="bbox 837 215 1349 254">
     <span class='ocr_line' id='line_1_41' title="bbox 837 215 1349 254; baseline -0.014 -2"><span class='ocrx_word' id='word_1_128' title='bbox 837 220 877 254; x_wconf 82' lang='lat' dir='ltr'>V.</span> <span class='ocrx_word' id='word_1_129' title='bbox 906 220 970 252; x_wconf 77' lang='lat' dir='ltr'>Sed</span> <span class='ocrx_word' id='word_1_130' title='bbox 994 228 1014 250; x_wconf 89' lang='lat' dir='ltr'>a</span> <span class='ocrx_word' id='word_1_131' title='bbox 1037 217 1105 250; x_wconf 89' lang='lat' dir='ltr'>Deo</span> <span class='ocrx_word' id='word_1_132' title='bbox 1130 215 1349 248; x_wconf 76' lang='lat' dir='ltr'>confortantur</span> 
     </span>
    </p>
   </div>
   <div class='ocr_carea' id='block_1_14' title="bbox 909 264 1439 352">
    <p class='ocr_par' dir='ltr' id='par_1_15' title="bbox 909 264 1439 352">
     <span class='ocr_line' id='line_1_42' title="bbox 909 264 1315 304; baseline -0.017 -5"><span class='ocrx_word' id='word_1_133' title='bbox 909 267 959 299; x_wconf 90' lang='lat' dir='ltr'>Ac</span> <span class='ocrx_word' id='word_1_134' title='bbox 981 264 1094 298; x_wconf 83' lang='lat' dir='ltr'>refecti</span> <span class='ocrx_word' id='word_1_135' title='bbox 1117 264 1315 304; x_wconf 83' lang='lat' dir='ltr'>roborantur,</span> 
     </span>
     <span class='ocr_line' id='line_1_43' title="bbox 956 307 1439 352; baseline -0.008 -7"><span class='ocrx_word' id='word_1_136' title='bbox 956 313 1040 352; x_wconf 81' lang='lat' dir='ltr'>Quos</span> <span class='ocrx_word' id='word_1_137' title='bbox 1065 319 1120 344; x_wconf 79' lang='lat' dir='ltr'>rex</span> <span class='ocrx_word' id='word_1_138' title='bbox 1145 310 1333 342; x_wconf 78' lang='lat' dir='ltr'>condemnat</span> <span class='ocrx_word' id='word_1_139' title='bbox 1357 307 1439 341; x_wconf 85' lang='lat' dir='ltr'>odio.</span> 
     </span>
    </p>
   </div>
   <div class='ocr_carea' id='block_1_15' title="bbox 969 432 1327 467">
    <p class='ocr_par' dir='ltr' id='par_1_16' title="bbox 969 432 1327 467">
     <span class='ocr_line' id='line_1_44' title="bbox 969 432 1327 467; baseline -0.006 -1"><span class='ocrx_word' id='word_1_140' title='bbox 969 435 1015 466; x_wconf 90' lang='lat' dir='ltr'>In</span> <span class='ocrx_word' id='word_1_141' title='bbox 1042 436 1073 467; x_wconf 84' lang='lat'>3.</span> <span class='ocrx_word' id='word_1_142' title='bbox 1097 432 1327 464; x_wconf 79' lang='lat' dir='ltr'>Nocturno.</span> 
     </span>
    </p>
   </div>
   <div class='ocr_carea' id='block_1_16' title="bbox 1052 516 1246 550">
    <p class='ocr_par' dir='ltr' id='par_1_17' title="bbox 1052 516 1246 550">
     <span class='ocr_line' id='line_1_45' title="bbox 1052 516 1246 550; baseline -0.01 -7"><span class='ocrx_word' id='word_1_143' title='bbox 1052 516 1246 550; x_wconf 85' lang='lat' dir='ltr'>Antiphonae.</span> 
     </span>
    </p>
   </div>
   <div class='ocr_carea' id='block_1_17' title="bbox 878 581 1304 621">
    <p class='ocr_par' dir='ltr' id='par_1_18' title="bbox 878 581 1304 621">
     <span class='ocr_line' id='line_1_46' title="bbox 878 581 1304 621; baseline -0.014 -4"><span class='ocrx_word' id='word_1_144' title='bbox 878 610 885 617; x_wconf 95' lang='lat'>.</span> <span class='ocrx_word' id='word_1_145' title='bbox 909 583 1078 616; x_wconf 77' lang='lat' dir='ltr'>Exsultate</span> <span class='ocrx_word' id='word_1_146' title='bbox 1100 582 1135 612; x_wconf 86' lang='lat' dir='ltr'>in</span> <span class='ocrx_word' id='word_1_147' title='bbox 1158 581 1304 621; x_wconf 83' lang='lat' dir='ltr'>Domino,</span> 
     </span>
    </p>
   </div>
   <div class='ocr_carea' id='block_1_18' title="bbox 913 629 1391 754">
    <p class='ocr_par' dir='ltr' id='par_1_19' title="bbox 913 629 1391 754">
     <span class='ocr_line' id='line_1_47' title="bbox 960 629 1391 668; baseline -0.007 -7"><span class='ocrx_word' id='word_1_148' title='bbox 960 629 1040 662; x_wconf 90' lang='lat' dir='ltr'>Iusti</span> <span class='ocrx_word' id='word_1_149' title='bbox 1064 631 1229 668; x_wconf 85' lang='lat' dir='ltr'>martyres,</span> <span class='ocrx_word' id='word_1_150' title='bbox 1257 629 1391 667; x_wconf 87' lang='lat' dir='ltr'>cantate,</span> 
     </span>
     <span class='ocr_line' id='line_1_48' title="bbox 913 673 1382 709; baseline -0.009 0"><span class='ocrx_word' id='word_1_151' title='bbox 913 677 990 709; x_wconf 85' lang='lat' dir='ltr'>Cum</span> <span class='ocrx_word' id='word_1_152' title='bbox 1015 674 1132 707; x_wconf 82' lang='lat' dir='ltr'>sanctis</span> <span class='ocrx_word' id='word_1_153' title='bbox 1157 674 1225 706; x_wconf 89' lang='lat' dir='ltr'>sine</span> <span class='ocrx_word' id='word_1_154' title='bbox 1248 673 1382 706; x_wconf 87' lang='lat' dir='ltr'>termino</span> 
     </span>
     <span class='ocr_line' id='line_1_49' title="bbox 965 721 1276 754; baseline -0.006 0"><span class='ocrx_word' id='word_1_155' title='bbox 965 721 1110 754; x_wconf 80' lang='lat' dir='ltr'>fflon&#39;ose</span> <span class='ocrx_word' id='word_1_156' title='bbox 1134 722 1276 753; x_wconf 83' lang='lat' dir='ltr'>iubilate.</span> 
     </span>
    </p>
   </div>
   <div class='ocr_carea' id='block_1_19' title="bbox 878 778 1275 812">
    <p class='ocr_par' dir='ltr' id='par_1_20' title="bbox 878 778 1275 812">
     <span class='ocr_line' id='line_1_50' title="bbox 878 778 1275 812; baseline -0.013 0"><span class='ocrx_word' id='word_1_157' title='bbox 878 805 885 812; x_wconf 89' lang='lat'><strong>.</strong></span> <span class='ocrx_word' id='word_1_158' title='bbox 910 779 1032 811; x_wconf 85' lang='lat' dir='ltr'>Multae</span> <span class='ocrx_word' id='word_1_159' title='bbox 1055 778 1275 810; x_wconf 81' lang='lat' dir='ltr'>tribulationes</span> 
     </span>
    </p>
   </div>
   <div class='ocr_carea' id='block_1_20' title="bbox 914 822 1417 956">
    <p class='ocr_par' dir='ltr' id='par_1_21' title="bbox 914 822 1417 956">
     <span class='ocr_line' id='line_1_51' title="bbox 957 822 1413 863; baseline -0.007 -6"><span class='ocrx_word' id='word_1_160' title='bbox 957 825 1022 858; x_wconf 72' lang='lat' dir='ltr'>Vos</span> <span class='ocrx_word' id='word_1_161' title='bbox 1044 826 1079 857; x_wconf 90' lang='lat' dir='ltr'>in</span> <span class='ocrx_word' id='word_1_162' title='bbox 1101 827 1189 855; x_wconf 86' lang='lat' dir='ltr'>terra</span> <span class='ocrx_word' id='word_1_163' title='bbox 1212 822 1413 863; x_wconf 82' lang='lat' dir='ltr'>adflixerunt,</span> 
     </span>
     <span class='ocr_line' id='line_1_52' title="bbox 914 871 1261 905; baseline -0.012 0"><span class='ocrx_word' id='word_1_164' title='bbox 914 872 1008 905; x_wconf 87' lang='lat' dir='ltr'>Unde</span> <span class='ocrx_word' id='word_1_165' title='bbox 1034 871 1261 903; x_wconf 86' lang='lat' dir='ltr'>consolationes</span> 
     </span>
     <span class='ocr_line' id='line_1_53' title="bbox 958 919 1417 956; baseline -0.007 -5"><span class='ocrx_word' id='word_1_166' title='bbox 958 920 1117 951; x_wconf 89' lang='lat' dir='ltr'>Aeternae</span> <span class='ocrx_word' id='word_1_167' title='bbox 1141 927 1196 950; x_wconf 85' lang='lat' dir='ltr'>vos</span> <span class='ocrx_word' id='word_1_168' title='bbox 1221 919 1417 956; x_wconf 82' lang='lat' dir='ltr'>receperunt.</span> 
     </span>
    </p>
   </div>
   <div class='ocr_carea' id='block_1_21' title="bbox 878 974 1236 1013">
    <p class='ocr_par' dir='ltr' id='par_1_22' title="bbox 878 974 1236 1013">
     <span class='ocr_line' id='line_1_54' title="bbox 878 974 1236 1013; baseline -0.008 -6"><span class='ocrx_word' id='word_1_169' title='bbox 878 999 886 1007; x_wconf 92' lang='lat'>.</span> <span class='ocrx_word' id='word_1_170' title='bbox 912 976 949 1007; x_wconf 88' lang='lat' dir='ltr'>In</span> <span class='ocrx_word' id='word_1_171' title='bbox 969 974 1236 1013; x_wconf 82' lang='lat' dir='ltr'>tribulationibus,</span> 
     </span>
    </p>
   </div>
   <div class='ocr_carea' id='block_1_22' title="bbox 911 1020 1459 1147">
    <p class='ocr_par' dir='ltr' id='par_1_23' title="bbox 911 1020 1459 1147">
     <span class='ocr_line' id='line_1_55' title="bbox 959 1020 1459 1060; baseline -0.002 -9"><span class='ocrx_word' id='word_1_172' title='bbox 959 1022 1044 1060; x_wconf 72' lang='lat' dir='ltr'>Quae</span> <span class='ocrx_word' id='word_1_173' title='bbox 1068 1021 1255 1053; x_wconf 87' lang='lat' dir='ltr'>invenerunt</span> <span class='ocrx_word' id='word_1_174' title='bbox 1280 1029 1335 1052; x_wconf 88' lang='lat' dir='ltr'>vos</span> <span class='ocrx_word' id='word_1_175' title='bbox 1357 1020 1459 1058; x_wconf 86' lang='lat' dir='ltr'>nimis,</span> 
     </span>
     <span class='ocr_line' id='line_1_56' title="bbox 911 1066 1311 1100; baseline -0.008 0"><span class='ocrx_word' id='word_1_176' title='bbox 911 1068 999 1100; x_wconf 86' lang='lat' dir='ltr'>Deus</span> <span class='ocrx_word' id='word_1_177' title='bbox 1023 1066 1086 1099; x_wconf 77' lang='lat' dir='ltr'>fuit</span> <span class='ocrx_word' id='word_1_178' title='bbox 1107 1067 1143 1098; x_wconf 88' lang='lat' dir='ltr'>in</span> <span class='ocrx_word' id='word_1_179' title='bbox 1167 1066 1311 1098; x_wconf 79' lang='lat' dir='ltr'>omnibus</span> 
     </span>
     <span class='ocr_line' id='line_1_57' title="bbox 960 1111 1383 1147; baseline 0 -1"><span class='ocrx_word' id='word_1_180' title='bbox 960 1114 1071 1147; x_wconf 88' lang='lat' dir='ltr'>Vester</span> <span class='ocrx_word' id='word_1_181' title='bbox 1095 1111 1221 1145; x_wconf 86' lang='lat' dir='ltr'>adiutor</span> <span class='ocrx_word' id='word_1_182' title='bbox 1244 1113 1277 1144; x_wconf 90' lang='lat' dir='ltr'>in</span> <span class='ocrx_word' id='word_1_183' title='bbox 1301 1113 1383 1146; x_wconf 89' lang='lat' dir='ltr'>imis.</span> 
     </span>
    </p>
   </div>
   <div class='ocr_carea' id='block_1_23' title="bbox 1049 1196 1255 1231">
    <p class='ocr_par' dir='ltr' id='par_1_24' title="bbox 1049 1196 1255 1231">
     <span class='ocr_line' id='line_1_58' title="bbox 1049 1196 1255 1231; baseline -0.01 -7"><span class='ocrx_word' id='word_1_184' title='bbox 1049 1196 1255 1231; x_wconf 83' lang='lat' dir='ltr'>Responsoria.</span> 
     </span>
    </p>
   </div>
   <div class='ocr_carea' id='block_1_24' title="bbox 881 1261 1382 1296">
    <p class='ocr_par' dir='ltr' id='par_1_25' title="bbox 881 1261 1382 1296">
     <span class='ocr_line' id='line_1_59' title="bbox 881 1261 1382 1296; baseline -0.004 0"><span class='ocrx_word' id='word_1_185' title='bbox 881 1288 889 1296; x_wconf 92' lang='lat'><strong>.</strong></span> <span class='ocrx_word' id='word_1_186' title='bbox 916 1263 1039 1296; x_wconf 85' lang='lat' dir='ltr'>Sanctis</span> <span class='ocrx_word' id='word_1_187' title='bbox 1067 1264 1202 1295; x_wconf 89' lang='lat' dir='ltr'>detentis</span> <span class='ocrx_word' id='word_1_188' title='bbox 1228 1261 1382 1294; x_wconf 82' lang='lat' dir='ltr'>fratribus</span> 
     </span>
    </p>
   </div>
   <div class='ocr_carea' id='block_1_25' title="bbox 914 1310 1430 1537">
    <p class='ocr_par' dir='ltr' id='par_1_26' title="bbox 914 1310 1430 1537">
     <span class='ocr_line' id='line_1_60' title="bbox 959 1310 1315 1352; baseline 0 -10"><span class='ocrx_word' id='word_1_189' title='bbox 959 1310 1079 1342; x_wconf 83' lang='lat' dir='ltr'>Divina</span> <span class='ocrx_word' id='word_1_190' title='bbox 1103 1310 1204 1341; x_wconf 84' lang='lat' dir='ltr'>saevit</span> <span class='ocrx_word' id='word_1_191' title='bbox 1225 1310 1315 1352; x_wconf 86' lang='lat' dir='ltr'>ultio,</span> 
     </span>
     <span class='ocr_line' id='line_1_61' title="bbox 914 1357 1323 1389; baseline -0.005 0"><span class='ocrx_word' id='word_1_192' title='bbox 914 1357 994 1389; x_wconf 83' lang='lat' dir='ltr'>Nam</span> <span class='ocrx_word' id='word_1_193' title='bbox 1022 1357 1103 1388; x_wconf 82' lang='lat' dir='ltr'>aeris</span> <span class='ocrx_word' id='word_1_194' title='bbox 1130 1357 1323 1388; x_wconf 89' lang='lat' dir='ltr'>caumatibus</span> 
     </span>
     <span class='ocr_line' id='line_1_62' title="bbox 960 1404 1312 1443; baseline 0 -8"><span class='ocrx_word' id='word_1_195' title='bbox 960 1404 1097 1435; x_wconf 75' lang='lat' dir='ltr'>Assatut</span> <span class='ocrx_word' id='word_1_196' title='bbox 1125 1405 1192 1434; x_wconf 88' lang='lat' dir='ltr'>tota</span> <span class='ocrx_word' id='word_1_197' title='bbox 1216 1404 1312 1443; x_wconf 85' lang='lat' dir='ltr'>regio,</span> 
     </span>
     <span class='ocr_line' id='line_1_63' title="bbox 914 1450 1430 1489; baseline 0 -7"><span class='ocrx_word' id='word_1_198' title='bbox 914 1451 1049 1489; x_wconf 85' lang='lat' dir='ltr'>Propter</span> <span class='ocrx_word' id='word_1_199' title='bbox 1073 1450 1156 1489; x_wconf 88' lang='lat' dir='ltr'>quod</span> <span class='ocrx_word' id='word_1_200' title='bbox 1185 1451 1224 1481; x_wconf 88' lang='lat' dir='ltr'>de</span> <span class='ocrx_word' id='word_1_201' title='bbox 1250 1450 1430 1482; x_wconf 85' lang='lat' dir='ltr'>carceribus</span> 
     </span>
     <span class='ocr_line' id='line_1_64' title="bbox 963 1496 1389 1537; baseline 0.005 -11"><span class='ocrx_word' id='word_1_202' title='bbox 963 1496 1085 1527; x_wconf 83' lang='lat' dir='ltr'>Dantur</span> <span class='ocrx_word' id='word_1_203' title='bbox 1109 1496 1220 1528; x_wconf 84' lang='lat' dir='ltr'>horum</span> <span class='ocrx_word' id='word_1_204' title='bbox 1246 1497 1389 1537; x_wconf 81' lang='lat' dir='ltr'>arbitrio,</span> 
     </span>
    </p>
   </div>
   <div class='ocr_carea' id='block_1_26' title="bbox 877 1541 1297 1582">
    <p class='ocr_par' dir='ltr' id='par_1_27' title="bbox 877 1541 1297 1582">
     <span class='ocr_line' id='line_1_65' title="bbox 877 1541 1297 1582; baseline -0.002 -7"><span class='ocrx_word' id='word_1_205' title='bbox 877 1568 885 1575; x_wconf 91' lang='lat'><strong>.</strong></span> <span class='ocrx_word' id='word_1_206' title='bbox 914 1542 1041 1582; x_wconf 81' lang='lat' dir='ltr'>Magnis</span> <span class='ocrx_word' id='word_1_207' title='bbox 1060 1541 1297 1574; x_wconf 77' lang='lat' dir='ltr'>infirmitatibus</span> 
     </span>
    </p>
   </div>
   <div class='ocr_carea' id='block_1_27' title="bbox 917 1587 1398 1674">
    <p class='ocr_par' dir='ltr' id='par_1_28' title="bbox 917 1587 1398 1674">
     <span class='ocr_line' id='line_1_66' title="bbox 917 1587 1398 1629; baseline 0.002 -9"><span class='ocrx_word' id='word_1_208' title='bbox 917 1589 978 1620; x_wconf 88' lang='lat' dir='ltr'>Pro</span> <span class='ocrx_word' id='word_1_209' title='bbox 1004 1587 1137 1620; x_wconf 85' lang='lat' dir='ltr'>fratrum</span> <span class='ocrx_word' id='word_1_210' title='bbox 1164 1589 1398 1629; x_wconf 86' lang='lat' dir='ltr'>gravaminibus</span> 
     </span>
     <span class='ocr_line' id='line_1_67' title="bbox 960 1636 1362 1674; baseline 0 -7"><span class='ocrx_word' id='word_1_211' title='bbox 960 1636 1125 1674; x_wconf 85' lang='lat' dir='ltr'>Languent</span> <span class='ocrx_word' id='word_1_212' title='bbox 1151 1636 1212 1668; x_wconf 91' lang='lat' dir='ltr'>Dei</span> <span class='ocrx_word' id='word_1_213' title='bbox 1235 1637 1362 1669; x_wconf 86' lang='lat' dir='ltr'>iudicio.</span> 
     </span>
    </p>
   </div>
   <div class='ocr_carea' id='block_1_28' title="bbox 885 1699 1277 1733">
    <p class='ocr_par' dir='ltr' id='par_1_29' title="bbox 885 1699 1277 1733">
     <span class='ocr_line' id='line_1_68' title="bbox 885 1699 1277 1733; baseline 0.003 -1"><span class='ocrx_word' id='word_1_214' title='bbox 885 1723 893 1732; x_wconf 92' lang='lat'><em>.</em></span> <span class='ocrx_word' id='word_1_215' title='bbox 919 1699 1027 1732; x_wconf 85' lang='lat' dir='ltr'>Sancti</span> <span class='ocrx_word' id='word_1_216' title='bbox 1052 1699 1113 1732; x_wconf 89' lang='lat' dir='ltr'>Dei</span> <span class='ocrx_word' id='word_1_217' title='bbox 1137 1700 1277 1733; x_wconf 89' lang='lat' dir='ltr'>ludibria</span> 
     </span>
    </p>
   </div>
   <div class='ocr_carea' id='block_1_29' title="bbox 918 1746 1467 2070">
    <p class='ocr_par' dir='ltr' id='par_1_30' title="bbox 918 1746 1467 2070">
     <span class='ocr_line' id='line_1_69' title="bbox 960 1746 1375 1789; baseline 0.005 -10"><span class='ocrx_word' id='word_1_218' title='bbox 960 1746 1097 1786; x_wconf 84' lang='lat' dir='ltr'>Experti</span> <span class='ocrx_word' id='word_1_219' title='bbox 1122 1750 1216 1787; x_wconf 88' lang='lat' dir='ltr'>atque</span> <span class='ocrx_word' id='word_1_220' title='bbox 1241 1749 1375 1789; x_wconf 84' lang='lat' dir='ltr'>vincula,</span> 
     </span>
     <span class='ocr_line' id='line_1_70' title="bbox 1009 1794 1446 1834; baseline 0.009 -10"><span class='ocrx_word' id='word_1_221' title='bbox 1009 1794 1115 1834; x_wconf 76' lang='lat' dir='ltr'>virgis</span> <span class='ocrx_word' id='word_1_222' title='bbox 1142 1796 1224 1826; x_wconf 84' lang='lat' dir='ltr'>caesi</span> <span class='ocrx_word' id='word_1_223' title='bbox 1249 1804 1287 1827; x_wconf 91' lang='lat' dir='ltr'>ac</span> <span class='ocrx_word' id='word_1_224' title='bbox 1310 1795 1446 1828; x_wconf 80' lang='lat' dir='ltr'>fustibus</span> 
     </span>
     <span class='ocr_line' id='line_1_71' title="bbox 1056 1841 1467 1884; baseline 0.007 -12"><span class='ocrx_word' id='word_1_225' title='bbox 1056 1841 1181 1880; x_wconf 83' lang='lat' dir='ltr'>Plagati</span> <span class='ocrx_word' id='word_1_226' title='bbox 1199 1845 1272 1874; x_wconf 89' lang='lat' dir='ltr'>sunt</span> <span class='ocrx_word' id='word_1_227' title='bbox 1285 1843 1467 1884; x_wconf 88' lang='lat' dir='ltr'>crudeliter,</span> 
     </span>
     <span class='ocr_line' id='line_1_72' title="bbox 918 1885 1261 1926; baseline 0.006 -8"><span class='ocrx_word' id='word_1_228' title='bbox 918 1887 977 1926; x_wconf 78' lang='lat' dir='ltr'>Qui</span> <span class='ocrx_word' id='word_1_229' title='bbox 1000 1885 1071 1919; x_wconf 85' lang='lat' dir='ltr'>fusa</span> <span class='ocrx_word' id='word_1_230' title='bbox 1094 1888 1261 1921; x_wconf 88' lang='lat' dir='ltr'>bullientia</span> 
     </span>
     <span class='ocr_line' id='line_1_73' title="bbox 964 1934 1289 1974; baseline 0.009 -10"><span class='ocrx_word' id='word_1_231' title='bbox 964 1934 1057 1965; x_wconf 89' lang='lat' dir='ltr'>Aceti</span> <span class='ocrx_word' id='word_1_232' title='bbox 1080 1934 1146 1966; x_wconf 87' lang='lat' dir='ltr'>acri</span> <span class='ocrx_word' id='word_1_233' title='bbox 1171 1936 1289 1974; x_wconf 88' lang='lat' dir='ltr'>pabula</span> 
     </span>
     <span class='ocr_line' id='line_1_74' title="bbox 1013 1980 1350 2020; baseline 0.012 -9"><span class='ocrx_word' id='word_1_234' title='bbox 1013 1980 1143 2020; x_wconf 88' lang='lat' dir='ltr'>Oleique</span> <span class='ocrx_word' id='word_1_235' title='bbox 1167 1982 1350 2015; x_wconf 87' lang='lat' dir='ltr'>vulneribus</span> 
     </span>
     <span class='ocr_line' id='line_1_75' title="bbox 1059 2027 1444 2070; baseline 0.01 -12"><span class='ocrx_word' id='word_1_236' title='bbox 1059 2027 1283 2060; x_wconf 78' lang='lat' dir='ltr'>Sustinuerunt</span> <span class='ocrx_word' id='word_1_237' title='bbox 1305 2028 1444 2070; x_wconf 78' lang='lat' dir='ltr'>fortiter,</span> 
     </span>
    </p>
   </div>
   <div class='ocr_carea' id='block_1_30' title="bbox 880 2073 1258 2107">
    <p class='ocr_par' dir='ltr' id='par_1_31' title="bbox 880 2073 1258 2107">
     <span class='ocr_line' id='line_1_76' title="bbox 880 2073 1258 2107; baseline 0.011 -4"><span class='ocrx_word' id='word_1_238' title='bbox 880 2096 887 2103; x_wconf 94' lang='lat'><strong>.</strong></span> <span class='ocrx_word' id='word_1_239' title='bbox 916 2073 994 2104; x_wconf 87' lang='lat' dir='ltr'>Post</span> <span class='ocrx_word' id='word_1_240' title='bbox 1016 2073 1258 2107; x_wconf 87' lang='lat' dir='ltr'>innumerabilia</span> 
     </span>
    </p>
   </div>
   <div class='ocr_carea' id='block_1_31' title="bbox 966 2119 1468 2256">
    <p class='ocr_par' dir='ltr' id='par_1_32' title="bbox 966 2119 1468 2256">
     <span class='ocr_line' id='line_1_77' title="bbox 966 2119 1367 2162; baseline 0.01 -11"><span class='ocrx_word' id='word_1_241' title='bbox 966 2119 1065 2151; x_wconf 84' lang='lat' dir='ltr'>Dirae</span> <span class='ocrx_word' id='word_1_242' title='bbox 1087 2122 1198 2153; x_wconf 88' lang='lat' dir='ltr'>mortis</span> <span class='ocrx_word' id='word_1_243' title='bbox 1223 2123 1367 2162; x_wconf 86' lang='lat' dir='ltr'>pericula</span> 
     </span>
     <span class='ocr_line' id='line_1_78' title="bbox 1016 2166 1391 2206; baseline 0.011 -8"><span class='ocrx_word' id='word_1_244' title='bbox 1016 2166 1196 2206; x_wconf 86' lang='lat' dir='ltr'>Amputatis</span> <span class='ocrx_word' id='word_1_245' title='bbox 1217 2170 1391 2202; x_wconf 85' lang='lat' dir='ltr'>cervicibus</span> 
     </span>
     <span class='ocr_line' id='line_1_79' title="bbox 1063 2214 1468 2256; baseline 0.005 -9"><span class='ocrx_word' id='word_1_246' title='bbox 1063 2214 1260 2247; x_wconf 84' lang='lat' dir='ltr'>Coronantur</span> <span class='ocrx_word' id='word_1_247' title='bbox 1277 2218 1468 2256; x_wconf 79' lang='lat' dir='ltr'>perenniter.</span> 
     </span>
    </p>
   </div>
   <div class='ocr_carea' id='block_1_32' title="bbox 178 2294 1470 2373">
    <p class='ocr_par' dir='ltr' id='par_1_33' title="bbox 178 2294 1470 2373">
     <span class='ocr_line' id='line_1_80' title="bbox 252 2294 1470 2333; baseline 0.002 -8"><span class='ocrx_word' id='word_1_248' title='bbox 252 2297 335 2325; x_wconf 80' lang='lat' dir='ltr'>Noct.</span> <span class='ocrx_word' id='word_1_249' title='bbox 361 2306 412 2325; x_wconf 80' lang='lat' dir='ltr'>ms·</span> <span class='ocrx_word' id='word_1_250' title='bbox 438 2298 661 2325; x_wconf 81' lang='lat' dir='ltr'>Frauciscanum</span> <span class='ocrx_word' id='word_1_251' title='bbox 688 2304 762 2324; x_wconf 85' lang='lat' dir='ltr'>saec.</span> <span class='ocrx_word' id='word_1_252' title='bbox 792 2294 835 2323; x_wconf 89' lang='lat'>15.</span> <span class='ocrx_word' id='word_1_253' title='bbox 866 2304 909 2322; x_wconf 85' lang='lat' dir='ltr'>ex.</span> <span class='ocrx_word' id='word_1_254' title='bbox 958 2295 1027 2324; x_wconf 82' lang='lat' dir='ltr'>God.</span> <span class='ocrx_word' id='word_1_255' title='bbox 1060 2297 1233 2333; x_wconf 79' lang='lat' dir='ltr'>Lugdunen.</span> <span class='ocrx_word' id='word_1_256' title='bbox 1262 2298 1327 2328; x_wconf 85' lang='lat'><strong>476.</strong></span> <span class='ocrx_word' id='word_1_257' title='bbox 1357 2315 1393 2319; x_wconf 91' lang='lat'>-—</span> <span class='ocrx_word' id='word_1_258' title='bbox 1427 2303 1470 2330; x_wconf 87' lang='lat' dir='ltr'>In</span> 
     </span>
     <span class='ocr_line' id='line_1_81' title="bbox 178 2331 1470 2373; baseline 0.006 -14"><span class='ocrx_word' id='word_1_259' title='bbox 178 2331 202 2360; x_wconf 84' lang='lat'>2.</span> <span class='ocrx_word' id='word_1_260' title='bbox 223 2335 322 2362; x_wconf 85' lang='lat' dir='ltr'>Noct.</span> <span class='ocrx_word' id='word_1_261' title='bbox 351 2332 371 2361; x_wconf 82' lang='lat' dir='ltr'>R</span> <span class='ocrx_word' id='word_1_262' title='bbox 394 2333 417 2370; x_wconf 92' lang='lat'>1,</span> <span class='ocrx_word' id='word_1_263' title='bbox 438 2334 457 2362; x_wconf 89' lang='lat'>4</span> <span class='ocrx_word' id='word_1_264' title='bbox 476 2337 648 2364; x_wconf 82' lang='lat' dir='ltr'>Observans.</span> <span class='ocrx_word' id='word_1_265' title='bbox 669 2349 705 2353; x_wconf 92' lang='lat'><strong>—</strong></span> <span class='ocrx_word' id='word_1_266' title='bbox 733 2332 753 2360; x_wconf 76' lang='lat' dir='ltr'>R</span> <span class='ocrx_word' id='word_1_267' title='bbox 775 2331 799 2369; x_wconf 90' lang='lat'>1,</span> <span class='ocrx_word' id='word_1_268' title='bbox 823 2331 840 2361; x_wconf 86' lang='lat'>5</span> <span class='ocrx_word' id='word_1_269' title='bbox 859 2335 891 2361; x_wconf 87' lang='lat' dir='ltr'>in</span> <span class='ocrx_word' id='word_1_270' title='bbox 909 2333 1050 2370; x_wconf 80' lang='lat' dir='ltr'>patibulo.</span> <span class='ocrx_word' id='word_1_271' title='bbox 1072 2349 1110 2354; x_wconf 92' lang='lat'>—-</span> <span class='ocrx_word' id='word_1_272' title='bbox 1128 2335 1170 2362; x_wconf 87' lang='lat' dir='ltr'>In</span> <span class='ocrx_word' id='word_1_273' title='bbox 1190 2334 1216 2364; x_wconf 87' lang='lat'>3.</span> <span class='ocrx_word' id='word_1_274' title='bbox 1237 2337 1338 2366; x_wconf 86' lang='lat' dir='ltr'>Noct.</span> <span class='ocrx_word' id='word_1_275' title='bbox 1359 2336 1382 2365; x_wconf 92' lang='grc' dir='ltr'>Α</span> <span class='ocrx_word' id='word_1_276' title='bbox 1402 2337 1428 2373; x_wconf 83' lang='grc'>2,</span> <span class='ocrx_word' id='word_1_277' title='bbox 1449 2339 1470 2368; x_wconf 84' lang='grc'>4</span> 
     </span>
    </p>
   </div>
   <div class='ocr_carea' id='block_1_33' title="bbox 179 2370 358 2405">
    <p class='ocr_par' dir='ltr' id='par_1_34' title="bbox 179 2370 358 2405">
     <span class='ocr_line' id='line_1_82' title="bbox 179 2370 358 2405; baseline 0.006 -7"><span class='ocrx_word' id='word_1_278' title='bbox 179 2370 358 2405; x_wconf 83' lang='lat' dir='ltr'>deceperunt.</span> 
     </span>
    </p>
   </div>
  </div>
 </body>
</html>
