1655 2534
636 112 681 119 ...-

174 185 272 217 Panis
296 186 387 219 vivus
411 190 606 233 pasceretur,

177 232 273 264 Fonti
297 236 391 273 potus
411 235 590 276 largiretur,

179 279 273 312 Cuius
297 289 355 312 nos
380 281 556 319 patrocinio

175 327 322 358 Paradisi
346 328 456 367 iungat
481 329 634 361 convivio.

242 448 304 481 Ad
328 449 594 484 Matutinum.

311 524 528 553 Invitatorium.

178 581 340 614 Christum
362 582 537 622 laudemus,

228 636 307 659 cum·
323 629 453 661 Martha
476 628 696 669 glorificemus,

179 676 278 714 Quam
304 675 366 707 sibi
393 676 556 708 convivam

229 722 356 762 pietatis
379 722 483 755 iunxit
507 723 632 757 olivam.

242 844 286 875 In
314 843 344 876 1.
371 843 601 877 Nocturno.

319 918 515 954 Antiphonae.

120 975 152 1007 1,
175 975 265 1007 Haec
288 975 418 1008 Martha
441 975 611 1008 Dominum

178 1023 371 1061 Angelorum
399 1024 430 1053 et
453 1022 613 1054 hominum

182 1068 263 1101 Caro
288 1069 426 1108 hospitio

179 1114 326 1155 Suscepit
350 1116 492 1148 servitio.

120 1173 150 1203 2.
177 1171 405 1203 Testimonium

223 1218 353 1251 Domini
377 1217 484 1258 fidele,

177 1265 260 1296 Dum
285 1265 450 1304 utriusque
652 1292 672 1304 ,

226 1312 360 1344 devotae
383 1311 520 1344 famulae

178 1359 387 1392 Commendat
409 1360 515 1399 vitam,

226 1406 374 1439 Marthae
398 1407 543 1447 activam,

226 1453 350 1485 Mariae
374 1453 660 1493 contemplativam.

122 1511 153 1543 3.
181 1509 396 1542 Innocentiam
417 1510 504 1542 vitae
524 1510 663 1550 largiens

177 1557 396 1596 Mundumque
420 1565 475 1588 cor
500 1556 634 1596 diligens

177 1604 249 1635 Hoc
277 1604 443 1635 castellum
468 1604 631 1644 quaesivit,

177 1652 215 1683 In
238 1659 299 1689 quo
324 1651 443 1691 templa

224 1698 346 1738 gratiae
370 1699 550 1738 praescivit.

312 1769 519 1808 Responsoria.

118 1831 148 1863 1.
172 1829 266 1862 Felix
289 1829 430 1870 Martha,

221 1886 312 1909 soror
334 1877 459 1918 Lazari,

177 1924 254 1957 Cum
277 1925 384 1957 Maria

221 1985 240 2004 υ
267 1973 364 2013 digna
387 1970 516 2015 famula,

173 2020 271 2059 Quam
294 2020 461 2052 salvatoris

223 2068 421 2099 commendat
444 2068 544 2108 gratia

170 2115 215 2147 Et
238 2114 344 2147 suavis

219 2162 352 2194 honorat
377 2161 535 2202 amicitia3

103 2210 137 2242 V.
168 2209 330 2251 Diligebat
350 2209 439 2241 Iesus

216 2256 378 2289 Martham
403 2256 498 2296 piam,

172 2305 250 2338 Cum
273 2305 374 2337 fratre
398 2303 521 2336 Lazaro

219 2361 356 2385 sororem
383 2351 531 2384 Mariam.

729 92 868 128 53—

799 192 832 224 2.
855 189 945 221 Haec
968 189 1043 221 dum
1069 189 1110 220 de
1133 194 1238 222 morte

903 234 1012 267 fratris
1039 236 1247 276 conqueritur,

858 284 887 315 A
912 283 1071 316 salvatore

905 328 984 361 fides
1010 330 1179 369 quaeritur,

858 377 943 415 Quae
965 378 1039 417 post
1061 375 1139 408 fidei

905 422 1135 455 confessionem

856 470 979 502 Fratris
1003 470 1093 502 videt

905 516 1180 557 resurrectionem

788 564 825 597 V.
856 564 926 596 Deo
952 564 1080 602 placens

907 612 939 642 et
964 610 1080 642 dilecta

857 658 902 689 Et
926 657 1042 688 dilecto

904 704 1043 736 serviens
1068 704 1219 736 subiecta.

803 762 833 794 3.
861 760 1001 799 Quadam
1027 760 1079 792 die

906 807 1093 838 excellentia

861 853 979 885 Christi
1004 861 1157 885 commen-

908 899 1005 931 dabat
1029 900 1203 938 clementia,

860 946 955 978 Cuius
982 947 1107 978 domum

904 992 1014 1024 sedulo
1039 992 1188 1032 visitavit,

858 1039 1036 1071 Clementer
1060 1038 1193 1071 fratrem

906 1086 1098 1125 compatiens
1124 1084 1298 1119 suscitavit.

787 1133 825 1166 V.
856 1133 881 1165 O
906 1132 1114 1173 praedignum

904 1180 1051 1212 laudibus
1075 1180 1291 1220 praeconium,

858 1227 953 1258 Tanti
977 1226 1092 1258 amoris

903 1272 1022 1306 Christi
1046 1272 1268 1305 testimonium.

914 1415 960 1446 In
986 1415 1017 1445 2.
1044 1413 1102 1445 No
1114 1415 1272 1445 cturno.

996 1495 1191 1532 Antiphonae.

799 1563 830 1598 1.
857 1563 1051 1595 Desiderans
1077 1563 1212 1595 salutem
1236 1563 1303 1594 eius

857 1611 1006 1642 Visitavit
1032 1619 1100 1642 eam
1126 1610 1219 1652 Deus,

855 1658 901 1690 Ut
921 1659 1062 1690 medicus
1088 1660 1249 1697 aegrotam

857 1704 996 1745 Corpore
1021 1713 1114 1744 quam
1139 1704 1254 1744 spiritu

904 1754 1027 1784 curaret
1053 1754 1161 1784 totam.

796 1810 829 1842 2.
854 1809 1014 1841 Virtutum
1038 1808 1191 1840 Dominus
1218 1808 1304 1840 illius

855 1856 946 1888 Sedit
971 1865 1040 1888 cum
1071 1856 1121 1887 bis
1145 1856 1229 1887 senis
1255 1853 1407 1886 fratribus

854 1903 893 1935 In
919 1903 1052 1935 circuitu
1073 1911 1202 1935 mensae
1224 1902 1336 1942 ipsius.

797 1963 827 1995 3.
855 1960 893 1993 In
916 1960 1021 1992 medio
1047 1958 1309 1991 discumbentium

853 2008 998 2041 Medicus
1025 2007 1104 2039 dans
1130 2007 1233 2038 cibum
1259 2005 1408 2037 mentium

854 2055 949 2088 Fecit,
971 2055 1112 2086 salutare
1136 2052 1324 2085 convivium.

992 2139 1199 2173 Responsoria.

798 2207 830 2240 1.
852 2205 945 2239 Misit
967 2214 1094 2237 manum
1118 2205 1161 2236 acl
1184 2203 1283 2236 fortia

855 2252 985 2286 Martha
1007 2253 1209 2293 prudensque
1235 2252 1361 2293 femina,

853 2300 962 2333 Fortis
989 2300 1100 2332 doctor

901 2347 1016 2381 meruit
1042 2348 1209 2386 consortia,
