1655 2534
672 119 833 155 -255
884 141 926 146 ——

310 213 327 245 I
336 223 357 245 n
381 213 409 246 L
418 223 466 246 au
476 214 496 246 d
505 215 518 246 i
526 214 546 246 b
556 225 577 247 u
586 225 611 249 5.
899 217 1033 249 Prorsus
1057 217 1173 249 nostris
1198 216 1339 248 terminis

360 288 557 324 Antiphonae.
898 263 1052 297 Umbram
1076 264 1162 304 pelle
1186 263 1334 296 criminis,

164 342 195 375 1.
221 343 410 376 Admiretur
435 347 535 377 omnis
562 350 660 387 aetas,
1017 346 1061 374 Ad
1080 345 1263 375 Benedictus.

267 391 367 424 Omne
392 402 503 432 gyrum
528 395 645 425 saeculi
828 415 857 446 A

222 437 343 470 Laudis
369 440 552 472 excedendo
577 444 687 483 metas,

269 485 352 518 Nam
379 488 503 518 coronis
527 488 636 527 gaudii

226 531 372 565 Christus
399 534 577 567 exhibendo
601 536 701 567 laetas
948 555 1072 586 Virtute
1095 554 1297 591 constantiae,

224 578 365 612 coronat
388 590 461 613 suas
488 582 624 614 athletas
900 601 1023 640 Spretis
1047 602 1140 633 minis
1166 604 1196 633 et
1220 601 1393 640 promissis,

266 626 307 659 Se
330 628 409 660 dans
435 627 529 660 finem
554 629 667 662 bravu.
899 648 1130 680 mammenus
1155 657 1217 680 non
1242 648 1388 679 admissis

163 683 193 715 2.
220 683 307 715 Rore
332 685 412 716 caeli
437 684 624 724 superfusae
901 694 996 734 Voce,
1023 698 1105 736 voto,

861 440 868 447 .
897 414 1011 452 Radio,
1038 423 1098 453 quo
1125 414 1314 445 decorantur

946 461 1041 492 Fidei
1066 464 1096 492 et
1119 461 1250 502 gratiae,

902 507 1041 547 Speciali
1065 508 1254 540 roborantur

270 730 371 771 Copia
396 731 619 764 charismatum
905 742 1009 774 Corde
1030 744 1097 775 toto

223 778 394 810 Excedunt
416 781 517 810 metas
541 782 685 817 naturae,
945 789 1089 820 Haerent
1112 789 1180 829 regi
1203 789 1332 829 gloriae,

222 824 305 856 Dum
329 826 527 865 praecedunt
541 826 729 858 immaturae
949 834 1071 874 sponso
1097 836 1278 876 pudicitiae.

270 873 324 904 Ad
348 881 428 913 opus
452 875 518 904 tam
543 873 686 907 arduum.

167 930 198 962 3.
224 928 383 968 Eligendo
407 933 650 969 praeparantur,

220 976 377 1008 Patiendo
404 977 661 1015 conquadrantur
972 974 987 1005 I
996 983 1016 1005 n
1043 976 1073 1008 2.
1100 976 1129 1007 V
1139 984 1156 1006 e
1164 984 1179 1007 5
1188 984 1208 1014 p
1220 983 1237 1006 e
1245 976 1315 1008 ris,

269 1023 385 1055 Petrae
409 1023 590 1065 sanctuarii,

224 1069 344 1108 Quibus
368 1070 467 1101 altum
492 1072 525 1101 et
545 1070 704 1101 excelsum
1019 1066 1064 1094 Ad
1084 1068 1261 1105 Magnificat.

223 1117 354 1149 Sursum
377 1117 511 1149 tendens
536 1117 570 1148 in
589 1117 775 1149 immensum
833 1133 872 1164 A·

274 1163 383 1203 Surgit
406 1163 586 1195 aedificium

271 1210 334 1242 Dei
357 1210 558 1244 sacrificium.

904 1134 987 1166 Istas
1011 1134 1123 1175 iungit,

951 1180 1027 1221 unit,
1053 1182 1151 1213 vincit
1175 1183 1208 1214 in
1234 1183 1368 1223 gratiam

900 1227 1030 1269 Dulcor,
1056 1236 1154 1267 amor,

165 1269 197 1300 4·
223 1266 427 1306 Benedictus,
455 1267 508 1307 qui
534 1267 630 1308 elegit
951 1275 1047 1307 ardor
1071 1275 1200 1316 superni
1226 1275 1350 1307 decoris

221 1313 259 1345 In
284 1314 345 1345 hoc
371 1314 465 1346 choro
491 1316 524 1346 et
546 1313 685 1354 perfecit
905 1322 1050 1361 Pulcher,
1075 1332 1173 1362 purus

271 1361 410 1393 Tantum
433 1370 512 1401 ΟΡ118
537 1361 668 1401 gratiae,
950 1369 1037 1400 zelus
1060 1369 1179 1402 interni
1208 1370 1322 1402 viroris

222 1408 308 1440 Dum
331 1417 390 1448 per
415 1409 498 1441 viam
523 1409 670 1449 puritatis
904 1415 972 1447 Has
997 1416 1134 1448 atffletas

227 1455 326 1487 Simfll
353 1458 385 1486 0¹3
408 1456 591 1495 asperitatis
951 1463 1064 1494 scribit
1087 1465 1170 1497 cives
1195 1463 1228 1495 in
1252 1463 1400 1505 patriam,

225 1502 411 1535 Introduxit
435 1511 504 1534 cum
529 1503 630 1534 beatis
902 1510 986 1542 Istas
1010 1514 1104 1543 vocat

265 1549 334 1581 Has
358 1550 391 1581 1'11
415 1550 563 1582 thronum
585 1549 716 1590 gloriae·
948 1557 1058 1596 trahit,
1085 1558 1171 1590 vehit
1195 1558 1237 1589 ad
1261 1557 1393 1597 gloriam

162 1607 194 1639 5.
220 1606 309 1646 Quia,
334 1606 424 1647 virgo
448 1606 576 1648 UrsuIa,
902 1605 992 1636 Iesus
1016 1604 1172 1647 Christus,

270 1654 463 1686 Praemiaris
490 1654 630 1685 exaltata
949 1652 1016 1692 lux,
1039 1653 1103 1685 dux
1124 1652 1246 1685 aeterni
1260 1652 1451 1692 splendoris,

319 1700 397 1733 Gum
423 1701 528 1733 choris
553 1701 713 1741 virgineis,
902 1699 968 1733 Ubi
992 1701 1111 1740 pressis

221 1747 323 1780 Nobis
349 1750 425 1788 opta
450 1748 561 1780 sedula
950 1747 984 1778 in
1008 1748 1072 1780 ista
1097 1748 1181 1780 valle
1205 1747 1359 1779 maeroris

266 1795 412 1827 Praemia
440 1795 621 1827 desiderata
904 1794 1076 1828 Obtineant

319 1842 455 1875 Sedibus
479 1842 646 1882 aethereiS,
951 1842 1017 1874 eius
1042 1842 1303 1875 misericordiam.

223 1898 343 1932 Antiph.
369 1907 423 1926 ms.
449 1898 660 1926 Lemovicense
685 1906 760 1926 saec.
788 1897 831 1926 14.
860 1898 930 1926 Cod.
951 1898 1076 1926 Parisin.
1098 1896 1162 1926 916.
1184 1898 1213 1925 Α.
1233 1912 1270 1916 -
1292 1899 1376 1925 Brev.
1399 1905 1453 1924 ms.

145 1937 351 1964 Avenionense
376 1945 444 1964 saec
470 1935 513 1964 15.
542 1936 612 1964 God.
638 1936 809 1973 Lugdunen.
835 1934 901 1964 468.
929 1938 962 1963 B.
983 1950 1020 1954 —
1039 1936 1160 1973 Antiph.
1180 1945 1232 1963 ms.
1255 1936 1284 1963 S.
1305 1935 1453 1963 Desiderii

144 1974 327 2002 Avenionen.
352 1983 428 2002 saec.
457 1973 499 2002 15.
528 1974 596 2002 Cod.
616 1974 796 2002 Avenionen.
821 1975 845 2002 I.
872 1975 903 2002 O.
930 1989 967 1993 -—
995 1975 1079 2002 BreV.
1102 1984 1154 2002 ms.
1175 1974 1231 2002 FF.
1251 1974 1399 2001 Minorum
1419 1973 1455 2000 de

145 2014 321 2050 Brageriaco
348 2021 424 2041 saec.
459 2011 503 2040 15.
526 2012 594 2041 Cod.
615 2013 803 2049 Burdigalen.
823 2010 868 2041 88.
889 2013 926 2040 D.
948 2026 983 2030 —
1003 2012 1087 2039 Brev.
1109 2021 1160 2040 ms.
1181 2012 1359 2039 Dertusense
1379 2019 1453 2038 saec.

146 2049 190 2080 15.
219 2051 290 2080 cod.
320 2050 413 2087 Capit.
439 2052 594 2079 Dertusen.
625 2060 647 2079 s.
675 2060 704 2078 11.
728 2051 765 2078 E.
785 2065 822 2069 —
842 2052 927 2079 Brev.
948 2060 1002 2077 ms.
1022 2050 1201 2078 Dertusense
1220 2057 1295 2077 saec.
1318 2047 1361 2076 15.
1384 2048 1452 2076 Cod.

145 2090 240 2124 Capit.
261 2091 407 2118 Del-tusen
430 2098 452 2117 s.
473 2099 502 2116 11.
521 2089 554 2117 F.
575 2104 613 2109 —
632 2089 717 2117 Brev.
737 2089 957 2117 Tarraconense
976 2089 1046 2122 imp.
1061 2089 1243 2116 Barcinonae
1264 2084 1346 2114 1484.
1360 2087 1394 2115 G.
1415 2101 1452 2105 -

144 2128 230 2156 Brev.
252 2128 281 2156 S.
300 2128 414 2155 Mariae
434 2128 471 2155 de
492 2127 627 2155 Mercede
646 2128 716 2163 imp.
735 2128 919 2155 Barcinonae
941 2123 1023 2153 1560.
1046 2125 1084 2153 Η.

220 2166 263 2194 111
285 2164 310 2193 1.
330 2166 448 2202 Vesp.:
470 2165 489 2192 Α
509 2174 597 2201 super
619 2166 667 2193 Ps.
687 2165 761 2193 fehlt
780 2165 916 2193 BCEF'G.
930 2179 967 2183 —
988 2163 1036 2190 Ad
1052 2163 1152 2200 Magn.
1168 2163 1195 2197 Α,
1214 2161 1227 2190 1
1243 2162 1267 2190 Ο
1282 2162 1355 2190 fehlt
1368 2163 1401 2190 A.
1417 2179 1454 2183 —

142 2205 183 2232 In
206 2202 230 2231 1.
250 2205 366 2232 Noct.:
388 2203 407 2230 Α
435 2202 461 2237 1,
486 2201 500 2230 1
523 2203 547 2231 O
569 2204 692 2240 pulchra
711 2202 847 2231 BOEFG.
898 2222 904 2225 -
928 2199 949 2228 R
967 2199 990 2236 1,
1013 2199 1027 2228 1
1048 2200 1146 2229 Eurus
1166 2202 1247 2229 floris
1265 2199 1298 2234 A,
1313 2203 1343 2229 et
1356 2201 1454 2229 odoris

142 2242 218 2270 fehlt
235 2241 270 2268 A.
290 2256 327 2260 -
350 2240 370 2268 R
394 2240 418 2275 1,
439 2239 457 2269 3
477 2244 507 2269 et
526 2243 633 2269 amoris
653 2241 727 2269 fehlt
747 2241 784 2267 A.
804 2256 844 2260 —-
863 2238 884 2266 R
907 2238 931 2274 1,
954 2237 972 2267 3
986 2239 1113 2267 Refectis
1127 2238 1321 2276 lampadibus.
1335 2239 1454 2267 EFGH.

144 2295 181 2299 —
202 2279 221 2305 R
242 2278 268 2313 2,
290 2278 325 2307 12
345 2280 447 2308 decore
466 2280 587 2308 luminis
608 2279 717 2308 BCEF.
739 2294 777 2298 —
799 2277 818 2304 R
840 2277 866 2313 2,
887 2276 905 2305 2
923 2278 1019 2314 legem
1039 2285 1070 2304 se
1089 2278 1149 2306 EF.
1172 2294 1207 2298 —
1226 2278 1267 2305 In
1288 2275 1314 2304 2.
1335 2278 1385 2306 No
1394 2280 1453 2305 ct.:

145 2316 167 2345 Α
188 2316 215 2353 2,
236 2315 254 2345 3
274 2319 304 2345 te
322 2318 396 2345 fehlt
414 2318 499 2346 ABG.
521 2333 558 2337 -
583 2318 602 2344 Α
622 2316 649 2351 3,
671 2315 689 2345 3
709 2318 902 2346 Geminantur
920 2315 1030 2343 BCEE'.
1050 2331 1088 2336 —-
1109 2314 1130 2342 R
1150 2314 1174 2349 1,
1190 2314 1208 2343 2
1221 2324 1264 2352 sq.
1281 2317 1359 2343 acies
1374 2316 1455 2343 cordi

145 2355 245 2384 natale
271 2364 376 2383 causas
397 2358 444 2384 exi
464 2357 498 2384 A.
520 2372 556 2376 ——-
578 2354 598 2382 R
624 2354 649 2389 1,
672 2353 690 2384 3
710 2356 831 2383 laetaris
852 2356 899 2383 exi
919 2355 957 2387 133
978 2354 1058 2381 laeta
1078 2355 1126 2382 exi
1145 2354 1181 2382 Ε.
1201 2369 1240 2373 -
1261 2352 1280 2380 Β
1304 2352 1328 2387 1,
1349 2351 1366 2381 6
1387 2362 1453 2381 can-

144 2394 247 2425 didata
264 2393 339 2422 fehlt
356 2394 444 2422 ABG.
465 2409 501 2413 -
522 2392 542 2421 R
559 2392 589 2428 1,
613 2392 649 2422 14
669 2394 753 2422 Haec
774 2394 848 2421 fehlt
866 2393 900 2420 A.
921 2407 960 2412 --
978 2392 1023 2420 In
1042 2389 1069 2419 3.
1083 2393 1184 2422 Noct.
1206 2392 1224 2419 Α
1247 2390 1272 2427 1,
1286 2391 1303 2420 7
1317 2392 1455 2420 Vestrum
