1655 2534
733 107 966 141 ..22—

206 201 244 236 V.
275 201 348 234 Ovis
372 201 489 240 lupum,

323 248 466 281 columba
490 249 654 291 vulturem,

276 295 459 328 Philomena

321 343 433 374 sternit
456 342 543 381 accip
548 345 655 375 etrem.

245 434 251 441 .
277 407 314 439 In
338 409 501 440 tormentis
527 408 678 448 virginem

322 455 404 486 Dum
428 455 577 487 invictam
604 456 763 494 conspicit,

278 501 443 540 Tyrannus
467 502 501 532 in
527 509 682 533 carcerem

323 548 471 580 Taetrum
496 548 584 580 trudi
607 550 773 588 praecipit,

276 595 338 626 Sed
364 603 422 626 nec
446 595 491 626 sic
514 595 702 627 immobilem

322 642 524 673 Commovere
546 640 680 681 sufficit;

241 713 248 720 .
278 686 372 727 Signo
399 688 498 718 crucis

321 734 440 765 munita
465 742 621 765 carcerem

273 780 385 822 Intrat,
411 780 530 811 hostem

320 836 383 858 non
408 827 520 858 timens
542 829 689 860 veterem.

244 919 251 925 .
275 892 355 930 Ave,
383 892 468 931 virgo
490 895 607 930 sancta,
630 894 751 930 martyr

321 938 513 978 Margareta,

274 983 325 1015 Ex
348 984 456 1024 lapide
478 985 616 1024 pretioso

319 1033 507 1072 nuncupata,

275 1076 360 1114 Quae
384 1082 546 1115 serpentes
571 1077 726 1116 superasti

273 1122 341 1153 Nec
364 1126 520 1155 tormenta
543 1122 731 1162 formidasti,

274 1168 320 1199 Te
343 1172 508 1208 precantes

320 1215 360 1246 da
382 1215 487 1247 hostes
510 1216 636 1248 vincere

271 1261 316 1292 Et
341 1262 482 1293 carnales

315 1311 417 1339 motus
440 1309 649 1349 restinguere3

232 1381 238 1387 .
269 1354 317 1385 Tu
341 1353 399 1387 flos
423 1355 500 1397 agri,
527 1357 560 1385 tu
584 1355 682 1386 lilium

269 1400 343 1432 Non
365 1409 560 1432 marcescens
587 1401 781 1434 convallium.

331 1540 376 1571 In
404 1541 435 1572 3.
460 1540 686 1573 Nocturno.

411 1622 605 1658 Antiphonae.

234 1722 241 1729 .
272 1697 378 1728 Omnis
405 1697 510 1737 decor,
539 1706 596 1729 rex
623 1699 756 1740 decoris,

274 1742 478 1775 Collaudetur
503 1744 616 1785 cordis,
642 1745 705 1777 oris

314 1790 482 1821 Praedulci
507 1790 656 1833 tripudio,

273 1836 485 1876 Margaretam
510 1838 561 1877 qui
586 1838 697 1870 nitoris

270 1882 289 1913 Ὺ
300 1886 365 1914 este
390 1883 506 1915 claram
530 1884 632 1915 iunxit
657 1885 758 1917 choris

315 1929 470 1969 Superum
494 1939 564 1962 cum
587 1931 712 1970 gaudio.

233 2020 240 2027 .
268 1994 331 2033 Spe
354 1996 517 2038 mercedis,
542 1996 582 2027 ad
610 2005 701 2036 quam
725 1998 813 2039 virgo

313 2042 401 2073 Totis
425 2043 558 2074 tendens
583 2043 711 2081 viribus,

266 2088 386 2120 Ictibus
411 2089 567 2121 occumbit
590 2089 687 2129 gratis

313 2135 474 2167 Lictorum
500 2135 667 2170 ferocibus,

234 2226 241 2233 .
267 2198 432 2239 Sapienter
455 2211 514 2241 pro
537 2203 682 2242 supernis

314 2246 491 2279 Commutat
512 2250 687 2289 terrestria,

266 2292 327 2324 Pro
351 2292 501 2332 perfectis
527 2298 558 2326 et
582 2296 717 2329 aeternis

312 2340 428 2372 Mundi
449 2342 642 2377 transitoria.

1083 201 1289 237 Responsoria.

881 267 910 300 1.
941 267 965 299 Ο
990 268 1135 299 miranda
1156 267 1285 300 nimium

883 2011 914 2042 2.

995 314 1133 354 Virginis
1159 315 1352 347 constantia!

947 361 1057 393 Turba
1081 362 1347 394 circumstantium

993 409 1067 441 Flet
1088 409 1121 440 in
1145 407 1350 448 abundantia,

947 455 1070 487 Videns
1096 464 1209 495 corpus
1234 459 1376 487 tenerum

995 502 1065 534 Pati
1089 505 1138 533 tot
1160 502 1335 542 supplicia3

946 548 1129 580 Praefectus
1153 550 1223 588 ipse

992 603 1054 627 non
1078 596 1186 626 valens
1210 596 1327 636 impius

946 642 1072 684 Videre,
1100 641 1214 674 faciem

994 688 1097 728 operit
1120 689 1270 722 vestibus

945 743 1130 775 Praefectus
1154 744 1251 784 igitur

992 790 1129 822 infectus
1154 791 1283 831 scelere,

944 836 1013 868 Nec
1036 837 1082 868 sic
1106 836 1256 869 afflictam

993 882 1098 915 ferens
1124 884 1268 926 evadere,

946 929 1035 961 Novo
1059 930 1121 961 iam
1145 931 1246 962 utitur

991 978 1139 1008 tormenti
1162 986 1286 1020 genere,

945 1023 1161 1062 Perpulchrae
1185 1024 1289 1056 violae

995 1070 1130 1101 virorem
1154 1071 1291 1113 laedere,

945 1115 982 1147 In
1007 1124 1079 1147 vase
1103 1119 1241 1148 sanctam

991 1162 1113 1202 repleto
1138 1162 1265 1195 flumine

947 1208 1110 1248 Submergi
1134 1211 1221 1242 iubet

997 1256 1095 1295 ligato
1121 1265 1263 1297 corpore.

915 1335 922 1344 .
947 1311 996 1342 De
1021 1312 1156 1349 dracone
1180 1312 1393 1352 triumphasti,

942 1357 1026 1388 Dum
1049 1360 1177 1390 terrena
1202 1360 1391 1391 conculcasti

943 1403 989 1435 Et
1012 1413 1081 1435 cum
1107 1413 1153 1446 eo,
1180 1414 1272 1444 quem
1294 1407 1417 1446 amasti,

993 1450 1119 1482 Gaudes
1143 1452 1206 1483 iam
1230 1452 1263 1483 in
1288 1453 1398 1493 gloria,

942 1496 1052 1528 Mente
1076 1499 1209 1530 tendens
1233 1500 1275 1531 ad
1299 1508 1445 1540 superna,

991 1543 1151 1583 Spernens
1175 1546 1286 1577 mundi
1309 1547 1435 1587 gaudia.

1030 1676 1047 1707 1
1055 1684 1077 1705 n
1101 1675 1130 1706 L
1138 1685 1187 1707 au
1198 1676 1219 1707 d
1226 1677 1240 1707 i
1247 1676 1268 1708 b
1277 1687 1298 1708 u
1306 1685 1333 1709 s.

1081 1749 1277 1785 Antiphonae.

910 1840 917 1847 .
943 1814 1086 1847 Lictores
1110 1816 1208 1856 igitur

986 1864 1160 1895 mactantes
1187 1864 1339 1904 virginem

939 1908 1122 1941 Abhorrent
1144 1910 1273 1942 sceleris

988 1957 1035 1986 sui
1055 1956 1264 1995 tyrannidem.

940 2008 1102 2041 Adfantur
1123 2012 1328 2051 nymphulam

987 2056 1127 2088 dicentes
1151 2058 1245 2090 talia:

938 2101 1088 2135 Dolemus
1113 2113 1208 2144 super
1224 2108 1266 2146 te,

986 2150 1074 2190 virgo
1099 2152 1321 2190 pulcherrima.

910 2230 916 2236 .
943 2204 1092 2237 Consenti
1117 2208 1261 2247 equidem

989 2253 1106 2285 nostris
1132 2255 1282 2297 consiliis,

940 2298 987 2331 Ut
1009 2300 1111 2339 possis
1136 2302 1244 2335 vivere

990 2346 1098 2380 dotata
1122 2349 1228 2384 variis.
