1655 2534
692 108 928 143 „47-

175 201 207 235 2.
233 201 286 241 Ei,
312 202 377 243 qui,
404 201 478 234 dum
504 203 601 236 voluit

281 248 457 282 Subvenire
481 258 546 289 reo,

235 294 385 327 Marthae
411 296 537 327 domum
563 297 668 336 coluit,

279 342 417 374 Iubilate
438 342 517 375 Deo.

174 398 205 430 3.
232 397 289 438 Te,
316 406 408 437 quem
432 398 539 431 scriba
564 399 700 440 despicit

280 444 388 484 Atque
412 445 609 487 pharisaeus,

229 490 360 523 Martha
386 492 477 524 domo
501 492 614 534 reficit,

278 538 377 582 Deus,
402 539 490 571 Deus
515 549 612 574 meus,

173 594 206 626 4.
233 594 293 633 Qui
317 595 463 635 sepulcro
489 597 721 628 commendavit

281 640 403 682 Corpus
430 642 530 674 dulcis
555 644 700 683 hospitae

231 687 277 719 Et
299 689 476 720 ministrum
503 690 679 730 honoravit,

276 734 412 767 Domino
436 736 622 768 benedicite.

175 792 205 823 5.
234 791 342 823 Omnis
367 792 498 830 spiritus
525 793 566 824 de
591 794 685 825 caelis

274 838 320 870 Et
342 838 394 870 hic
419 841 525 870 coetus
550 839 721 881 hominum,

230 884 396 925 Hospitem
420 885 569 917 Marthae
591 885 696 919 fidelis

279 932 345 964 Iam
369 933 500 964 laudate
524 933 703 967 Dominum.

349 1005 396 1033 Ad
414 1005 600 1034 Benedictus.

156 1061 198 1094 A.
228 1062 309 1103 Ave,
335 1062 464 1094 Domini
487 1063 642 1104 ministra,

228 1109 320 1141 Vitae
344 1109 467 1141 activae
491 1111 651 1150 magistra,

914 205 971 243 Tu,
999 204 1049 235 cui
1072 211 1237 242 germanus

914 251 1073 283 Redditur
1097 250 1343 291 quatriduanus;

914 298 1034 338 Gaude,
1062 305 1154 336 quam
1179 298 1307 330 vocavit

911 345 986 386 Ipse
1010 344 1153 377 Christus
1178 346 1209 375 et
1233 344 1388 387 humavit3

912 392 1003 432 Vale,
1029 393 1122 431 parte
1145 390 1263 422 sororis

910 439 976 470 Iam
1001 437 1103 478 potita

959 484 1043 518 facto
1067 483 1130 516 fine
1153 483 1281 515 laboris.

984 626 1024 657 [11
1050 627 1081 658 2.
1108 624 1324 663 VespcriS.

1022 717 1069 745 Ad
1087 716 1266 753 Magnificat.

836 785 876 817 A.
906 786 972 817 Ista
997 787 1046 816 est
1069 783 1253 816 famulatrix

951 831 1080 864 Domini
1103 830 1281 870 salvatoris,

907 879 975 910 Ista
996 880 1046 911 est
1068 876 1172 909 fidelis
1195 877 1323 916 hospita

956 925 1037 963 Iesu,
1062 924 1173 955 mundi
1196 923 1416 962 redemptoris,

907 971 968 1003 Pro
994 972 1080 1003 ouius
1105 971 1174 1009 ipse
1197 979 1253 1001 nos
1278 971 1410 1009 precatu

953 1018 1004 1049 hic
1030 1018 1155 1057 dirigat,

905 1065 1047 1097 Tandem
1071 1065 1104 1095 in
1130 1063 1225 1095 caelis

951 1121 1008 1143 nos
1035 1111 1171 1151 colligat.

231 1174 317 1201 Brev.
337 1183 390 1201 ms.
409 1174 591 1202 Voraviense
610 1173 647 1203 86
667 1183 740 1203 saec.
765 1174 808 1203 15.
828 1176 862 1203 Α.
884 1190 919 1195 -
939 1177 1023 1204 Brev.
1043 1184 1096 1203 ms.
1120 1174 1455 1209 claustroneoburgense

157 1208 241 1238 1201.
263 1219 338 1239 saec.
351 1210 396 1239 15.
410 1211 444 1238 Β.
464 1226 501 1230 -
514 1212 599 1240 Brev.
621 1222 673 1241 ms.
693 1213 901 1249 Aquilegiense
921 1222 996 1241 saec.
1019 1213 1063 1241 15.
1098 1213 1166 1241 Cod.
1182 1212 1290 1240 Semm.
1304 1212 1454 1238 Brixinen.

154 1257 177 1275 s.
209 1257 237 1275 n.
269 1248 300 1276 G.
320 1265 352 1270 —
377 1249 462 1277 Brev.
483 1258 535 1277 ms.
554 1251 699 1287 Pragense
729 1259 804 1278 saec.
828 1249 871 1278 15.
916 1251 984 1279 Cod.
1011 1253 1133 1287 Pragen.
1158 1251 1201 1277 VI
1225 1251 1258 1277 F.
1285 1247 1328 1276 16.
1353 1249 1391 1276 D.
1417 1261 1453 1266 --

152 1286 239 1313 Brev.
260 1295 313 1313 ms.
333 1287 509 1314 Pataviense
536 1296 610 1315 saec.
641 1287 683 1315 14.
727 1288 796 1315 Cod.
815 1289 909 1316 Palat.
931 1290 1132 1317 Vindobonen.
1155 1285 1235 1315 1863.
1255 1287 1290 1314 E.
1312 1301 1350 1305 ——
1369 1286 1453 1312 Brev.

151 1332 205 1350 ms.
226 1324 255 1351 S.
276 1324 410 1351 Floriani
429 1324 473 1351 XI
491 1323 556 1352 401.
577 1333 652 1352 saec.
666 1325 709 1353 14.
729 1326 761 1352 F.
782 1340 819 1344 -—
844 1327 927 1354 Brev.
951 1336 1002 1354 ms.
1022 1328 1169 1361 Plagense
1188 1334 1210 1353 s.
1230 1334 1258 1351 n.
1279 1327 1350 1351 anni
1371 1320 1453 1350 1499.

151 1361 185 1388 G.
208 1375 245 1379 ——
265 1362 349 1389 Brev.
370 1362 510 1389 Kimense
530 1363 599 1398 imp.
620 1364 751 1391 Venetiis
774 1361 906 1390 1516.11.
926 1379 965 1383 —
983 1365 1024 1392 In
1046 1363 1069 1391 1.
1090 1364 1192 1399 Vesp.
1213 1362 1251 1389 ad
1269 1362 1368 1396 Magn.
1388 1360 1419 1392 Α,
1435 1358 1452 1386 2

151 1400 181 1425 et
200 1399 344 1434 hospitari
368 1399 400 1427 F.
421 1412 458 1416 —
476 1399 540 1426 Inv.
560 1399 580 1427 4
600 1402 730 1436 suscepit
747 1400 808 1428 DF.
847 1420 850 1423 .
881 1402 923 1428 ln
945 1400 969 1428 1.
990 1402 1093 1430 Noct.
1115 1399 1135 1426 R
1157 1399 1182 1433 1,
1202 1398 1223 1427 4
1241 1401 1420 1426 coniuncta(
1432 1399 1455 1423 3¹⁵

149 1436 182 1463 F.
203 1451 241 1455 ——
263 1434 284 1462 Β
306 1434 332 1470 2,
353 1435 371 1464 7
391 1444 433 1471 sq.
456 1436 528 1464 Cum
554 1439 584 1464 et
607 1446 660 1473 per
678 1439 761 1465 illam
780 1438 924 1465 Dominus
944 1440 1008 1475 ipse
1029 1439 1146 1473 saepius
1166 1438 1202 1464 E.
1225 1451 1240 1455 —
1282 1435 1302 1462 P.
1323 1434 1349 1471 3,
1373 1434 1387 1462 1
1409 1443 1452 1469 sq.

148 1473 295 1501 Lazarum
314 1474 459 1501 Dominus
479 1474 613 1510 hospitae
632 1476 664 1503 F.
685 1490 722 1494 —
743 1472 764 1500 R
782 1473 808 1508 3,
828 1474 848 1502 4
868 1477 990 1504 suscitat
1009 1477 1043 1504 G.
1064 1490 1101 1494 —
1120 1476 1161 1502 In
1180 1473 1206 1501 2.
1226 1475 1329 1501 Noct.
1350 1472 1372 1499 Α
1395 1470 1419 1506 1,
1434 1470 1452 1498 2

150 1511 293 1545 Querelae
316 1514 431 1539 vertum
456 1512 489 1539 F.
509 1526 547 1530 —
568 1510 590 1538 Α
612 1511 637 1547 2,
659 1510 677 1539 2
697 1513 794 1540 Huius
814 1513 904 1540 habet
922 1514 954 1541 F.
988 1531 991 1534 -
1034 1512 1056 1540 Α
1078 1510 1104 1547 3,
1119 1510 1137 1540 3
1158 1512 1249 1540 Cuius
1270 1511 1356 1539 docet
1366 1512 1399 1538 F.
1414 1525 1451 1529 —-

149 1546 170 1574 Β
193 1547 218 1582 1,
238 1547 258 1576 4
277 1549 416 1585 Hospitio
438 1549 511 1577 fehlt
531 1549 564 1578 G.
584 1565 623 1570 —-
641 1551 681 1578 111
701 1548 727 1578 3.
747 1550 852 1578 Noct.
872 1549 893 1576 R
914 1548 941 1584 3,
963 1550 981 1579 9
1001 1551 1141 1579 convivas
1159 1550 1192 1577 F.
1212 1562 1250 1567 —
1273 1549 1317 1576 In
1341 1546 1452 1575 Laud.

148 1587 185 1614 ad
204 1587 311 1615 Bened.
332 1586 365 1623 Α,
387 1585 402 1615 1
423 1587 544 1615 Domini
565 1588 638 1615 fehlt
657 1588 690 1616 G.
712 1603 751 1608 ——
770 1588 812 1615 In
831 1586 857 1615 2.
878 1589 979 1625 Vesp.
1002 1589 1039 1617 ad
1057 1588 1157 1623 Magn.
1179 1585 1210 1620 Α,
1225 1584 1243 1614 8
1263 1595 1316 1613 nos
1330 1586 1402 1613 fehlt
1416 1585 1451 1613 G.

598 1678 639 1710 16.
673 1679 715 1711 De
735 1679 847 1710 sancta
863 1680 996 1711 Martha.

281 1748 328 1781 111
354 1749 384 1783 1.
410 1748 626 1788 vesperis,

359 1823 553 1859 Antiphonae.

159 1879 191 1915 1.
216 1880 312 1913 Plebs
337 1881 442 1914 fidelis
465 1885 633 1915 veneretur

264 1928 350 1961 Miro
375 1929 495 1963 Christi
515 1931 696 1972 praeconio,

215 1975 404 2010 Venerando
431 1977 618 2012 collaetetur

262 2023 347 2056 Gens
370 2024 520 2057 Marthae
543 2026 718 2067 sollemni0‚

212 2071 298 2110 Quae
322 2073 425 2105 aulam
454 2073 504 2104 sui
527 2073 663 2113 hospitis

212 2118 317 2151 Intrat
341 2118 478 2152 fecunda
502 2121 635 2161 meritis,

259 2166 355 2201 Dulci
380 2165 488 2199 fruens
514 2168 667 2211 convivio,

258 2214 360 2249 Beata
380 2216 446 2247 iam
471 2223 510 2247 ex
532 2216 687 2255 praemio.

154 2271 186 2303 2.
211 2271 282 2303 Rex
306 2271 478 2304 immensae
501 2272 676 2306 maiestatis

210 2318 247 2351 In
275 2319 367 2351 domo
391 2319 591 2351 aeternitatis

255 2366 387 2402 Festum
410 2367 533 2407 grande
560 2367 711 2407 celebrat,

895 1751 951 1783 Ad
974 1751 1059 1791 quod
1084 1750 1166 1782 dono
1190 1750 1320 1791 pietatis

895 1798 1058 1831 Martham
1082 1800 1175 1830 vocat
1199 1806 1270 1829 cum
1292 1797 1394 1829 beatis

939 1846 985 1878 Et
1007 1846 1090 1879 hanc
1115 1845 1210 1885 digne
1235 1847 1387 1878 munerat.

840 1903 869 1936 3.
898 1902 1027 1935 Caelum
1051 1902 1178 1935 scandit
1201 1902 1343 1945 invitata,

895 1950 977 1983 Tota
1000 1949 1135 1992 fulgens,
1163 1952 1313 1981 coronata

942 1998 1033 2030 Stola
1056 1997 1159 2030 sancti
1181 1996 1298 2038 meriti,

895 2044 1034 2077 Gemmis
1058 2044 1211 2077 virtutum
1235 2045 1356 2083 ornata,

892 2092 996 2124 Deum
1019 2092 1132 2125 laudat
1151 2091 1271 2122 sociata

940 2140 1003 2172 Suo
1029 2138 1114 2171 dulci
1138 2136 1267 2176 hospiti.

835 2225 868 2256 4.
892 2224 1019 2264 Hospes
1044 2231 1150 2255 secum
1176 2222 1296 2264 colligit

893 2271 1065 2310 Martham,
1092 2279 1185 2310 quam
1210 2271 1256 2303 sic
1281 2272 1396 2316 diligit,

893 2319 983 2358 Quod
1008 2319 1090 2351 hanc
1113 2326 1261 2359 sponsam
1285 2320 1376 2360 eligit

939 2366 986 2400 Ob
1014 2367 1177 2409 decorem;
