1655 2534
595 65 850 101 -173—

138 158 374 201 Consequenter
400 164 449 193 est
474 161 591 194 ditatus

184 207 299 240 Castae
323 208 423 248 prolis
447 209 599 247 praemio.

271 282 479 318 Responsoria.

75 338 105 369 1.
133 337 196 369 Hic
221 342 269 371 est
293 348 384 372 sacer
407 340 490 381 ignis
516 341 630 382 clarus,

184 385 364 418 Richardus
389 387 602 428 beatissimus,

135 432 194 471 Qui
220 433 347 465 exsistit
371 434 439 466 Deo
466 443 566 475 carus,

182 479 224 512 Ei
248 489 375 521 semper
398 482 579 521 proximus,

138 527 352 567 Antiquorum
382 527 597 561 confessorum

182 573 245 606 Hic
271 578 418 607 censetur
441 577 554 618 sonim,

135 621 174 652 In
201 624 330 653 caterva
354 623 502 661 splendet
527 632 661 663 quorum

182 667 275 700 Velut
300 669 376 701 solis
401 669 520 702 radius.

136 714 202 752 Quo
228 717 361 754 rectore,
388 724 448 756 quo
476 716 605 748 doctore

181 760 368 793 Illustratur
391 763 518 802 Angfflz,

136 809 204 846 Quo
231 809 409 847 congaudes
434 813 470 840 tu
494 812 633 851 pastore,

182 854 206 886 O
234 854 345 886 civitas
372 856 505 888 Andria.

95 923 102 931 .
135 900 230 932 Sidus
256 910 329 933 vere
353 904 555 934 sacerdotum

179 947 282 979 Luces
307 957 366 988 per
393 949 567 989 Illyricum,

136 994 312 1026 Illustrasti
336 994 404 1028 fere
428 999 529 1027 totum

181 1042 337 1081 Populum
361 1044 518 1076 Italicum.

100 1122 107 1129 .
134 1098 238 1129 Adest
261 1098 314 1129 hie
338 1099 495 1136 Israelita,

137 1145 193 1177 Cui
221 1145 365 1177 Christus
391 1146 450 1178 fuit
477 1148 543 1178 vita

182 1191 312 1232 Optanti
338 1194 494 1236 caelestia,

133 1238 253 1271 Mentis
278 1240 380 1271 visum
406 1240 531 1273 Christo
557 1239 636 1278 fixit,

136 1285 269 1318 Carnem
294 1287 413 1319 mundo
439 1286 596 1319 crucifixit

182 1332 349 1374 Respuens
374 1335 559 1377 terrestria3

97 1405 104 1411 .
134 1380 295 1413 Christum
313 1390 421 1413 amans
439 1386 552 1413 cuncta
568 1383 691 1421 sprevit

181 1427 295 1459 Mundi
323 1429 568 1468 circumstantia,

134 1474 247 1506 semen
274 1474 335 1506 Dei
360 1484 485 1515 semper
509 1477 591 1507 sevit

182 1521 260 1554 Cum
284 1524 531 1562 perseverantia.

98 1602 103 1608 .
132 1578 244 1610 Gaude
269 1587 395 1618 semper
420 1582 451 1611 et
474 1579 605 1619 laetare,

181 1625 267 1657 Urbs
291 1627 459 1666 praeclara
482 1627 616 1665 Andria,
667 1633 670 1636 ·

135 1673 263 1704 Almum
289 1677 413 1712 patrem
439 1675 612 1714 deprecare

183 1719 260 1751 Cum
285 1728 381 1759 prece
406 1721 542 1763 assidua,

135 1767 181 1800 Ut
203 1776 262 1807 per
287 1767 391 1807 ipsum
416 1776 560 1799 mereare

180 1813 274 1846 Dona
299 1815 377 1847 caeli
402 1816 535 1857 gaudia3

94 1885 101 1893 .
133 1861 191 1894 Cui
216 1862 296 1893 nihil
319 1863 353 1893 in
377 1862 438 1894 hae
463 1863 529 1894 vita

134 1908 267 1941 Gratum
293 1909 352 1941 fuit
377 1910 439 1942 sibi
463 1910 509 1942 ita

158 1956 256 1995 Quam
281 1960 337 1991 tua
362 1957 498 1990 devotio.

196 2051 242 2084 In
270 2053 300 2085 3.
329 2052 559 2084 Nocturno.

276 2127 344 2155 Anti
348 2127 472 2163 phonae-

95 2208 102 2216 .
131 2185 210 2219 Cum
235 2184 364 2217 fecisset
388 2186 511 2226 signum
538 2185 640 2218 crucis

180 2231 282 2273 Super
308 2235 392 2267 caeci
418 2235 535 2270 oculos,

132 2280 314 2315 Introduxit
338 2279 472 2313 formam
498 2281 576 2313 lueis

180 2327 370 2368 Respuentis
396 2329 536 2362 baculos,

762 164 794 195 2.
822 161 967 193 Mulieris
991 170 1115 193 manum
1141 162 1222 194 rexit

866 208 1045 240 Richardus
1068 208 1277 251 beatissimus,

819 256 927 296 Ipsam
951 264 1059 286 sanam
1084 264 1208 287 sursum
1233 257 1320 288 vexit

866 303 999 335 Praesul
1025 303 1255 336 devotissimus

786 385 792 393 .
818 358 936 391 Mulier
960 362 1036 389 tune
1061 359 1267 391 exclamavit:

866 405 954 438 Unus
980 407 1028 436 est
1052 405 1234 447 altissimus,

818 453 880 486 Per
905 461 996 491 quem
1021 453 1120 484 solum
1145 461 1196 483 me
1220 452 1345 485 sanavit,

865 499 1044 531 Richardus
1070 499 1129 530 Dei
1155 500 1301 539 optimus,

956 583 1164 619 Respcnsoria.

785 675 792 682 .
818 648 948 681 Intuens
968 649 1148 681 Richardus

863 695 988 728 turbam
1012 696 1218 735 infirmorum,

817 741 938 773 Flectit.
961 746 1071 774 saneta
1094 752 1196 783 genua

865 797 924 828 pro
947 790 1049 821 salute
1073 790 1193 832 horum,

819 834 915 872 Quem
942 837 1073 868 exaudit
1093 838 1197 875 pietas

867 881 995 913 Domini
1020 883 1163 923 polorum

817 927 951 960 Diluens
978 929 1121 968 contagia

866 983 1035 1015 corporum
1062 978 1093 1006 et,
1117 984 1258 1014 morum3

779 1047 785 1054 .
819 1021 979 1053 Christum
1005 1023 1084 1062 petit
1109 1031 1173 1061 ore,
1202 1024 1307 1053 mente

866 1069 928 1100 Pro
953 1069 1064 1100 salutis
1089 1069 1204 1110 gratia,

817 1115 896 1147 Orat
918 1115 1023 1155 ipsum
1049 1119 1080 1147 et
1103 1117 1235 1156 intente,

865 1162 909 1195 Ut
934 1163 1069 1202 repellat
1094 1163 1180 1195 vitia.

784 1243 792 1251 .
819 1218 953 1251 Sanctae
979 1220 1223 1252 consecrationis

865 1266 967 1298 Facto
986 1268 1148 1310 mysterio,

818 1313 878 1345 Vir
901 1322 1041 1345 summae
1067 1314 1244 1345 devotionis

866 1360 963 1392 Redit
989 1369 1007 1392 a
1031 1364 1137 1392 monte
1163 1359 1321 1401 Gargano,

817 1407 916 1447 Quem
940 1407 1055 1446 repleti
1080 1408 1180 1439 sacris
1208 1407 1298 1439 donis

864 1455 1020 1486 Ambiunt
1043 1463 1122 1494 prae
1144 1454 1278 1494 gaudio;

778 1526 785 1533 .
815 1501 911 1533 Plebs
936 1500 1040 1533 fidelis
1066 1502 1254 1533 collaetatur

816 1548 861 1581 Et
884 1549 917 1579 in
946 1548 1072 1581 Christo
1096 1549 1288 1580 jucundatur

865 1595 914 1627 De
938 1596 1076 1636 pastoris
1099 1595 1215 1629 reditu.

913 1728 958 1761 In
982 1728 1215 1761 Laudibus.

960 1814 1030 1841 Anti
1034 1812 1158 1848 photiae.

784 1906 792 1914 .
818 1881 923 1914 Tanta
947 1884 1017 1912 erat.
1039 1881 1073 1912 in
1097 1881 1158 1912 hoo
1183 1881 1251 1912 viro

865 1928 964 1960 Verbi
987 1927 1141 1967 efficacia,

817 1976 865 2010 Ut
891 1975 1027 2008 infectos
1053 1975 1116 2006 ritu
1140 1974 1209 2006 diro

866 2023 1050 2055 Illustraret
1074 2021 1186 2061 gratia.

786 2105 792 2113 .
819 2080 948 2112 Pollens
973 2080 1055 2111 mira
1080 2079 1130 2109 vir
1154 2077 1266 2109 beatus

863 2127 972 2158 Animi
996 2124 1178 2166 prudentia,

817 2174 922 2215 Digne
947 2173 1053 2205 multis
1080 2175 1129 2204 est
1153 2171 1316 2211 praelatus

866 2223 903 2253 ln
928 2220 1154 2253 adulescentia.

759 2281 790 2313 3.
817 2278 919 2311 Stella
939 2278 1044 2309 nitens
1071 2280 1103 2308 et
1127 2276 1303 2317 praeclara,

864 2325 1027 2358 Richarde
1051 2324 1243 2364 beatissime,
