1655 2534
634 77 889 112 —169—

542 169 582 202 61.
612 170 654 200 De
675 169 794 201 sanctis
815 169 976 209 Reliquiis.

239 239 286 270 In
315 239 344 271 1.
371 239 478 277 Vesp
493 239 585 272 eriS.

318 302 514 338 Antiphonae.

140 374 147 381 .
173 349 319 382 Laudate
344 350 456 391 Deum,
482 352 583 391 pueri,

171 397 208 429 In
235 398 295 429 hoc
319 396 401 430 festo
428 403 492 429 tam
518 399 637 431 celebri

175 444 243 482 Quo
270 446 416 476 coluntur
439 446 624 478 innumerae

174 491 403 524 Aarhusiensis
430 492 583 524 eeclesiae

173 537 343 570 Gloriosae
367 539 531 579 reliquiae.

144 621 150 627 .
176 594 322 627 Laudent
349 595 450 627 Deum
477 604 584 628 omnes
609 598 718 636 gentes

175 641 307 674 Sanctos
334 642 399 674 eius
426 647 617 679 reverentes,

175 689 235 728 Qui
250 689 360 721 mundi
377 698 523 729 pompam
542 693 732 729 spreverunt

177 735 221 767 Et
244 744 303 775 pro
328 736 428 767 nihilo
453 736 619 768 duxerunt.

141 816 148 824 .
170 790 308 833 Laudes,
338 792 486 830 quamdiu
512 790 611 835 fuero,

173 837 288 869 Dicam
313 843 494 870 sanctorum
520 847 661 879 numero,

175 884 234 923 Qui
261 883 405 916 efflantes
430 885 562 923 spiritus

224 932 318 964 Caelo
337 932 549 964 reddiderunt

175 978 220 1010 Et
241 979 332 1010 nobis
359 978 537 1010 humanitus

224 1027 304 1058 Ossa
328 1027 533 1065 reliquerunt.

146 1106 153 1114 .
180 1082 247 1114 Deo
273 1083 314 1113 sit
336 1082 481 1114 iubilatio

177 1129 362 1168 Decoraque
386 1129 537 1169 laudatio,

177 1177 235 1216 Qui
263 1177 423 1215 dispersos
450 1176 651 1216 congregavit

179 1222 310 1255 Sanctos
337 1226 369 1254 et
392 1223 443 1254 hie
470 1223 643 1255 collocavit.

142 1307 150 1313 ,
178 1279 291 1311 Lauda
315 1280 390 1311 totis
416 1278 546 1318 nisibus,

223 1326 344 1364 Lauda,
378 1326 463 1365 Sion,
490 1325 602 1364 Deum,

172 1373 240 1407 Nos
266 1381 389 1412 quoque
412 1382 471 1412 pro
496 1373 616 1404 viribus

227 1420 447 1454 Collaudemus
468 1428 548 1461 eum,

172 1467 296 1507 Quibus
321 1467 505 1507 specialiter

225 1515 305 1547 Sunt
330 1514 396 1546 dati
421 1516 469 1545 tot
492 1514 630 1553 patroni,

174 1562 245 1595 Nec
270 1564 318 1593 est
342 1564 446 1593 actum
470 1561 579 1592 taliter

225 1610 316 1642 Omni
341 1608 470 1641 nationi.

295 1674 341 1701 Ad
360 1672 539 1710 Magnificat.

102 1726 143 1758 A.
170 1722 410 1763 Magnificemus
437 1721 615 1763 Dominum,

176 1770 358 1804 Creatorem
384 1769 532 1808 omnium,

176 1819 224 1853 Ob
252 1819 432 1849 sanctorum
458 1816 666 1855 patrocinium

175 1866 239 1898 Hic
263 1864 537 1904 requiescentium,

179 1912 351 1954 Sperantes
377 1920 435 1951 per
459 1911 574 1943 merita

174 1962 321 2001 Ipsorum
345 1960 387 1991 ad
412 1958 529 1998 gaudia

179 2008 364 2047 l¹erti11gere
386 2006 530 2046 pollicita

175 2055 325 2089 Abrahae
350 2058 382 2086 et
406 2053 519 2085 semini

174 2103 256 2136 Eius
281 2103 313 2134 in
338 2101 476 2134 saecula.

239 2178 300 2210 Ad
325 2176 594 2210 Matutinum.

310 2242 525 2270 Invitatorium.

172 2293 295 2334 Venite,
324 2293 490 2324 adoremus

221 2349 328 2380 regem
354 2339 562 2380 saeculorum,

854 239 900 271 Ob
927 247 1004 276 eam,
1031 247 1124 278 quam
1149 238 1310 274 habemus,

901 286 1115 326 praesentiam
1141 289 1333 317 sanctorum.

919 389 964 421 In
991 389 1021 421 1.
1049 388 1276 419 Nocturno.

1000 461 1196 497 Antiphonae.

801 521 830 551 1.
858 519 968 552 Gloria
991 518 1061 559 tibi,
1087 519 1223 557 trinitas,

857 567 900 598 Et
924 566 1063 598 indivisa
1087 568 1201 604 unitas,

861 613 954 645 Cuius
979 613 1167 644 admirabile

857 660 981 691 Nomen
1007 664 1038 692 et
1061 659 1232 691 laudabile.

826 740 833 747 .
860 718 899 748 In
923 716 990 747 sole
1014 724 1104 748 suum
1128 717 1233 755 posuit

861 763 1002 795 Christus
1027 763 1276 799 tabernaculum,

859 809 989 841 Sacrum
1017 808 1131 841 flamen
1157 809 1259 841 adfuit

858 856 1018 889 Umbrans
1043 856 1266 888 habitaculum.

828 934 835 942 .
862 912 993 950 Throni,
1021 912 1258 943 dominationes,

860 959 1004 991 Virtutes
1029 958 1199 997 angelicae.

860 1005 928 1037 Deo
953 1005 1178 1041 ministrantes,

861 1052 964 1083 Deum
990 1051 1178 1083 benedicite.

1000 1125 1206 1161 Responsoria.

828 1206 835 1214 .
860 1183 987 1215 Gratias
1012 1183 1080 1224 tibi,
1107 1182 1203 1225 Deus,
1230 1182 1349 1222 gratias

861 1230 944 1269 Tibi,
971 1238 1047 1261 vera
1070 1239 1132 1261 una
1154 1230 1291 1268 trinitas,

862 1277 934 1310 Una
959 1279 990 1308 et
1014 1285 1134 1308 summa
1158 1276 1269 1319 deitas,

861 1324 978 1356 Sancta
1003 1327 1035 1355 et
1056 1332 1120 1355 una
1145 1324 1262 1361 unitas,

823 1395 829 1403 .
859 1371 938 1410 Spes
974 1374 1104 1412 nostra,
1147 1370 1238 1402 salus
1291 1371 1415 1410 owsz‘ra,

862 1418 963 1449 honor
986 1421 1103 1456 noster,
1130 1427 1146 1449 o
1165 1417 1256 1449 brata
1273 1416 1417 1448 frim'z‘as.

828 1498 835 1505 .
862 1474 885 1507 O
912 1473 1021 1513 regina
1045 1473 1156 1505 mundi

862 1521 955 1553 Scala
981 1521 1071 1555 caeli,

861 1569 960 1600 Ianua
985 1567 1136 1609 paradisi,

863 1616 972 1648 Placet
998 1619 1050 1647 tua
1075 1615 1256 1654 praesentia

862 1663 964 1694 Nobis
989 1662 1135 1699 iudicem,

862 1711 950 1750 Quae
976 1709 1127 1750 singulari
1154 1711 1323 1749 puerperio

865 1757 1010 1789 Gonuisti
1034 1757 1236 1795 salvatorem,

823 1830 830 1835 .
862 1804 1091 1837 Venerandll'fll
1122 1807 1215 1836 {enlm
1247 1812 1355 1835 ”Offrllm
1391 1806 1419 1835 eb

861 1852 997 1884 unicum
1020 1851 1137 1892 filium.

831 1931 838 1938 .
863 1909 950 1941 Deus
974 1909 1170 1948 omnipotens

863 1956 963 1988 Nobis
990 1959 1177 1995 perpetuum

865 2004 948 2035 Suae
971 2002 1183 2034 miserationis

865 2051 1009 2083 Praestet
1033 2048 1219 2085 subsidium,

865 2098 983 2136 Quibus
1010 2097 1105 2129 donet
1129 2096 1272 2136 angelica

862 2145 1029 2184 Nunquam
1057 2144 1167 2175 deesse
1191 2142 1349 2182 suffragia.

823 2216 829 2223 .
862 2192 887 2225 O
921 2193 1062 2231 quantus
1094 2190 1215 2224 honor.
1257 2189 1343 2229 Quod
1377 2189 1422 2221 acl

860 2248 920 2271 mis
950 2237 1097 2280 siwyulos
1122 2237 1206 2270 >icat
1230 2237 1275 2269 acl
1299 2237 1420 2269 cmn'oos

860 2286 989 2327 anquos
1018 2294 1093 2318 snos
1127 2284 1295 2317 ministros
1324 2284 1416 2317 desti-

859 2334 953 2366 ozavz't
975 2333 1075 2366 Dens.
