1655 2534
661 95 916 132 ——168—

154 199 184 231 3.
215 198 315 237 Regni
341 196 484 228 caelestis
508 195 620 236 incola⁷

212 243 377 282 Reinolde‚
403 251 496 283 prece
521 241 631 272 sedula

212 291 299 323 Pelle
322 290 456 332 morbos,
483 288 532 320 fer
556 288 689 319 salutem

211 338 255 370 Et
278 337 365 376 pacis
390 336 540 368 subsidia.

176 411 184 418 .
213 384 278 416 Nos
302 383 446 423 indignos
471 381 599 422 speciali

213 430 280 462 Fac
303 433 480 462 sanctorum
506 427 643 468 generali

219 477 277 509 Vel
301 475 456 508 subscribi
480 476 583 507 titulo.

303 608 348 639 In
372 604 599 637 Laudibus.

355 696 547 731 Antiphonsse.

181 800 188 807 .
214 774 251 805 In
276 773 428 805 Reinoldo
453 771 627 803 mirabilem

213 820 258 851 Te
279 819 506 860 praedicamus,
533 818 677 858 Domine,

213 866 306 899 Cuius
333 869 403 897 sunt
427 865 593 897 credibilia

210 914 370 944 Virtutum
396 912 583 944 testimonia.

185 1024 191 1030 .
217 997 293 1028 Post
316 997 398 1027 hanc
423 996 534 1028 vallem
561 995 706 1026 miseriae

221 1043 355 1075 Consors
379 1044 526 1082 perennis
551 1042 669 1081 gloriae

219 1089 374 1128 Regnanti
399 1097 494 1127 super
519 1089 622 1119 omnia

217 1135 364 1167 Deservit
391 1137 423 1167 in
449 1135 578 1168 laetitia.

184 1244 190 1251 .
217 1219 348 1250 Fontem
374 1219 457 1250 vitae
483 1218 648 1256 sitientem,

217 1265 269 1297 Ad
295 1274 430 1304 superna
456 1265 675 1304 suspirantem,

214 1313 299 1343 Arce
322 1312 486 1343 loca-ndum
513 1320 626 1350 supera

215 1358 276 1389 Dei
299 1359 438 1397 suscepit
463 1358 604 1392 dextera,

182 1467 189 1475 .
217 1443 323 1474 Omnis
348 1450 421 1481 ergo
448 1445 591 1472 creatura

218 1488 392 1520 Benedicat
414 1491 518 1519 mente
542 1497 621 1526 pura

218 1534 452 1566 Gubernantem
481 1534 595 1574 omnia,

218 1580 277 1619 Qui
301 1581 489 1612 Reinoldum
514 1581 704 1619 sempiterna

219 1626 387 1658 Coronavit
409 1627 519 1666 gloria.

185 1735 191 1741 .
220 1710 354 1747 Christe,
380 1710 527 1741 Reinoldi
552 1710 671 1742 meritis

217 1758 267 1788 Ac
290 1764 384 1795 prece
409 1756 573 1788 salutifera

218 1803 283 1835 Nos
308 1812 328 1834 a
351 1803 488 1842 peccatis
515 1803 629 1834 debitis

217 1849 262 1882 Et
286 1850 337 1881 via
359 1850 468 1881 mortis
493 1850 601 1881 libera.

1005 186 1050 214 Ad
1069 184 1252 213 Benedictus.

815 256 855 290 A.
887 254 1080 286 Benedictus
1105 260 1161 284 rex
1188 248 1344 288 caelestis,

886 301 947 339 Qui
971 299 1120 331 Reinoldi
1142 299 1314 338 patronatu

888 348 953 380 Nos
979 346 1124 379 absolvat
1148 354 1168 376 a
1191 346 1292 382 reatu,

887 394 1049 427 incolatus
1073 392 1176 425 nostri
1198 392 1317 422 luctum

889 441 1075 473 Germinare
1101 439 1220 471 dulcem
1247 435 1385 469 fructum

887 489 951 520 Per
979 486 1134 518 salubrem
1162 484 1394 524 aquaeductum

886 534 942 566 Sui
968 534 1087 565 donans
1113 532 1254 572 spiritus,

886 581 933 613 Ut
955 581 987 611 in
1012 580 1185 612 Ierusalem
1212 586 1349 617 superna

885 628 1026 659 Excitati
1052 626 1091 657 de
1116 625 1225 657 favilla

885 674 1097 706 Iucundemur
1121 681 1180 713 per
1204 672 1340 704 saecula.

996 767 1066 793 Alia
1083 764 1261 800 Antiphonti.

887 834 992 873 Salve,
1017 836 1138 872 martyr
1163 831 1310 871 gloriose,

887 880 998 912 Laude
1024 879 1135 918 dignus
1162 882 1193 909 et
1217 879 1335 909 honore

888 928 1021 967 Iugique
1044 926 1207 965 memoria,

890 972 1006 1006 Confer
1031 981 1123 1015 opem
1149 971 1321 1007 tribulatis,

890 1021 950 1059 Qui
973 1020 1117 1051 levamen
1142 1018 1287 1049 sanitatis

890 1066 1059 1100 Contulisti
1080 1066 1257 1105 languidi53

888 1115 951 1146 Per
976 1114 1100 1152 culpam
1124 1114 1231 1151 lapsos
1257 1112 1343 1151 erige

890 1160 952 1199 Spe
978 1159 1073 1192 fultos
1098 1159 1326 1198 indulgentiae,

887 1208 953 1239 Nos
977 1209 1051 1238 tuae
1074 1206 1245 1237 memoriae

888 1253 1050 1285 Laudibus
1075 1253 1212 1284 intentos

892 1301 955 1332 Per
983 1300 1112 1331 semitas
1135 1299 1274 1331 iustitiae

891 1348 929 1379 In
954 1347 1036 1378 viam
1064 1347 1152 1385 pacis
1178 1345 1289 1384 dirige.

957 1487 1003 1519 In
1030 1488 1061 1518 2.
1091 1487 1195 1524 Vesp
1211 1485 1305 1517 eris.

1012 1559 1055 1586 Aa
1074 1558 1254 1595 Magnificat.

855 1639 862 1647 .
892 1616 916 1647 O
943 1616 1106 1658 Reinolde‚
1134 1618 1256 1655 martyr
1278 1615 1348 1657 Dei,

892 1662 928 1693 In
953 1663 1014 1694 hoc
1039 1662 1106 1693 salo
1129 1668 1257 1694 nostrae
1281 1663 1349 1703 spei

938 1710 1052 1740 Portus
1077 1710 1120 1740 sis
1146 1712 1178 1739 et
1200 1717 1327 1749 ancora,

891 1755 959 1787 Tua
982 1764 1078 1795 prece
1103 1764 1338 1798 consequamur,

935 1803 1002 1841 Qua
1025 1806 1057 1834 te
1082 1801 1147 1834 frui
1170 1803 1365 1842 gratulamur

938 1849 1055 1882 Divina
1077 1851 1266 1888 praesentia.

230 1932 313 1959 BreV.
334 1940 386 1958 1115.
406 1932 704 1959 Tremoniensesaee.
726 1929 769 1958 15.
803 1930 1100 1959 Οοᾱ.1)31·1115’(11ᾶ1611.
1121 1929 1234 1959 869.Α.
1248 1947 1285 1951 ——
1302 1932 1375 1960 Orat:
1395 1940 1448 1959 ms.

157 1968 253 1998 Carth.
276 1968 424 1996 Colonien.
451 1976 525 1996 saec.
548 1967 590 1995 15.
632 1967 698 1995 Coti.
722 1967 869 1995 colonien.
891 1966 935 1995 28.
955 1970 988 1996 Β.
1009 1983 1046 1987 -
1065 1969 1091 1995 A
1118 1968 1191 1996 fehlt
1209 1968 1315 2003 leide1‚
1343 1969 1381 1996 da
1401 1970 1449 1997 ein

154 2015 260 2043 ganzes
288 2007 348 2033 und
376 2007 423 2033 ein
446 2006 547 2034 halbes
567 2006 649 2033 Blatt
671 2007 855 2041 ausgerissen
883 2006 934 2039 ist,
962 2005 1054 2033 (1161.
1082 2007 1141 2033 und
1161 2004 1187 2032 2.
1207 2007 1305 2041 Vesp„
1327 2006 1379 2033 das
1399 2007 1448 2034 In-

154 2044 321 2072 vitatorium
351 2044 410 2070 und
436 2043 483 2071 <116
509 2045 584 2071 erste
612 2043 691 2070 Zeile.
718 2042 768 2069 (161
797 2045 891 2070 ersten
917 2043 1068 2078 Antiphon
1092 2043 1142 2070 del
1165 2043 1347 2071 Noktmnen.
1392 2044 1450 2071 Mit

151 2082 317 2108 Ausnahme
330 2082 379 2108 der
392 2081 628 2116 let-ztgenannten
641 2080 771 2107 konnten
784 2079 865 2107 (11656
876 2080 998 2108 Liieken
1011 2089 1064 2108 aus
1080 2081 1104 2107 P,
1118 2081 1238 2116 erganzt.
1247 2082 1374 2113 werden,
1396 2082 1448 2109 das

153 2118 214 2146 311Γ
203 2127 247 2146 er
268 2118 324 2145 den
342 2121 560 2153 vorgenannten
571 2118 674 2146 Teilen
692 2126 747 2144 nur
766 2117 841 2145 noch
861 2118 907 2145 die
927 2116 953 2144 2.
968 2116 990 2144 Α
1005 2118 1043 2145 3(1
1055 2118 1161 2145 Bened.
1175 2119 1234 2145 und
1248 2118 1300 2146 das
1320 2116 1347 2146 8.
1361 2119 1449 2154 Resp.

153 2156 278 2189 enthzilt
308 2156 359 2183 das
384 2156 475 2184 3116111
493 2156 520 2183 Α
544 2156 604 2183 und
623 2156 647 2182 L
672 2156 850 2191 gemeinsam
876 2156 923 2182 ist.
964 2155 1107 2183 Dasselbe
1126 2158 1167 2183 ist
1184 2156 1249 2183 (16111
1269 2156 1404 2186 Officium
1426 2165 1448 2184 5.

152 2192 282 2220 Thomae
297 2193 481 2221 Cantuarien.
503 2193 641 2221 entlehnt.
655 2207 693 2211 -—
706 2192 748 2220 In
769 2191 792 2219 1.
807 2192 856 2220 No
866 2194 908 2220 et
925 2191 944 2218 Β
965 2192 991 2226 3,
1013 2192 1062 2219 ’7ΙΙ
1043 2193 1084 2220 Et
1102 2193 1184 2230 largo
1197 2193 1231 2221 A.
1248 2209 1282 2213 —
1300 2192 1319 2220 Β
1337 2191 1363 2228 3,
1379 2192 1397 2222 8
1410 2197 1451 2222 ist

153 2229 302 2258 vielleieht
321 2231 376 2258 Dei
403 2240 438 2258 zu
463 2231 563 2267 tilgen.
584 2245 620 2249 —
640 2231 682 2257 In
711 2227 736 2257 3.
757 2230 858 2257 Noet.
880 2228 899 2256 Β
927 2229 955 2264 1,
976 2228 994 2258 2
1013 2230 1151 2259 Reinoldi
1178 2231 1339 2267 expolitum
1357 2214 1391 2259 A.
1413 2246 1451 2251 -—

151 2265 172 2293 Β
197 2265 216 2293 2
244 2266 278 2295 11
305 2276 346 2303 sq.
366 2268 513 2296 Restauia
536 2270 645 2303 pietate
663 2268 698 2295 A.
720 2282 755 2287 —
774 2268 818 2295 In
842 2267 892 2295 (161
920 2266 947 2294 1.
968 2268 1081 2304 Vesper
1106 2268 1181 2296 murs
1208 2268 1272 2296 sich
1296 2271 1328 2296 in
1348 2270 1374 2297 A
1402 2271 1454 2298 der

147 2305 284 2339 Hymnus
309 2306 454 2333 befundeu
479 2306 589 2339 haben,
617 2305 655 2333 da
680 2307 722 2333 sie
742 2306 824 2332 sonet
843 2305 925 2333 nicht
947 2307 994 2333 ein
1013 2314 1120 2341 ganzes
1140 2307 1221 2335 Blatt
1239 2307 1320 2335 hatte
1340 2308 1372 2335 in
1392 2309 1452 2336 An-

146 2342 257 2378 spruch
275 2342 400 2369 nehmen
418 2343 544 2371 konnen.
