1655 2534
700 84 955 120 —216—

224 210 231 218 .
255 185 390 224 Propter
412 183 529 214 iussum
553 181 680 213 Domini

303 232 460 263 Pineerna
482 237 605 261 servum
630 227 715 267 ferit,

260 278 316 316 Qui
342 279 375 309 in
399 277 470 316 ripa
492 275 587 308 rivuli

304 325 333 356 A
358 324 427 356 fera
451 326 559 363 raptus
584 322 678 361 perit,

220 397 227 404 .
258 371 352 403 Cuius
379 372 521 403 dextram
545 369 631 400 canis
653 367 784 408 prendit

259 419 309 449 Ae
337 417 474 450 convivis
500 417 559 448 hoc
582 414 729 447 ostendit.

318 539 365 571 In
391 539 420 571 2.
446 537 676 569 Nocturno,

399 610 591 646 Antiphonae.

228 695 236 703 .
261 669 311 700 Ab
335 669 483 700 Hebraea
506 667 625 699 sonitus

306 723 434 755 magnus
459 715 669 754 promovetur,

260 763 342 794 Dum
366 761 463 802 videt,
489 760 623 800 apostoli

311 809 395 848 quod
418 807 549 838 verbum
574 807 758 846 completur.

231 891 238 898 .
260 864 339 906 Rex,
366 863 516 895 convivae
539 862 659 902 pariter

311 911 404 941 nimis
431 911 651 950 expavescunt,

261 957 335 988 lilio
359 957 432 988 dum
454 955 607 987 miracula

313 1004 392 1034 talia
416 1004 591 1041 patescunt.

234 1084 240 1091 .
267 1059 335 1090 Rex
352 1061 490 1099 perorat,
516 1058 628 1096 copula

316 1106 399 1145 quod
423 1113 480 1135 sua
502 1106 660 1145 sanxetur,

269 1152 386 1190 Quibus
411 1149 506 1190 favet,
532 1150 650 1190 regium

311 1201 417 1230 votum
441 1197 514 1228 hine
539 1197 721 1236 completur.

403 1270 606 1306 Responsoria„

236 1354 244 1362 .
266 1327 352 1359 Mira
375 1327 453 1359 fides
478 1328 509 1359 in
535 1327 680 1359 Hebraea

268 1374 369 1405 Debet
390 1373 462 1413 fari,
490 1383 558 1406 cum
582 1374 622 1404 sit
647 1382 702 1405 rea

314 1421 357 1452 Et
380 1422 414 1452 in
437 1421 500 1451 reis
526 1421 691 1459 suggestio,

269 1466 366 1498 Gesta
391 1467 492 1498 credit
514 1476 575 1499 non
602 1476 621 1497 a
646 1467 705 1498 dea

270 1513 329 1543 Vel
354 1522 373 1544 a
398 1513 457 1545 diis
482 1522 540 1544 nec
562 1513 738 1553 pharisaea,

316 1559 405 1590 Haec
421 1560 552 1591 solvitur
566 1559 639 1590 dum
651 1559 807 1599 quaesti03

231 1630 238 1638 .
269 1606 372 1637 Iustus
396 1605 481 1637 Deus
506 1609 552 1637 est
578 1610 688 1637 cuneta

270 1652 441 1684 Vindicans
467 1660 588 1692 quoque
613 1652 738 1683 delicta.

239 1732 245 1738 .
271 1708 391 1739 Christi
414 1707 513 1739 virtus
539 1707 769 1748 comprobatur,

271 1754 322 1785 Ab
349 1762 456 1785 errore
481 1754 562 1793 quod
588 1753 713 1793 fugatur

320 1802 412 1840 Puer,
439 1801 522 1839 regis
545 1799 638 1840 filius,

270 1846 360 1879 Infra
383 1849 493 1885 saepta
518 1847 704 1885 consolatur,

271 1893 335 1926 Ubi
358 1901 445 1925 more
469 1892 621 1934 figuratur

318 1941 453 1972 Thomas
477 1940 588 1972 summi
613 1941 757 1983 nuntius3

231 2011 239 2020 .
271 1986 418 2026 Spiritus,
442 1987 499 2018 ubi
523 1987 600 2026 vuit,
627 1988 735 2028 spirat,

273 2033 336 2064 Hie
362 2033 512 2066 deductos
537 2034 578 2065 ad
603 2042 638 2065 se
661 2037 763 2075 gyrat.

244 2114 252 2121 .
276 2089 453 2130 Investigat
476 2098 532 2121 rex
555 2092 752 2130 structorem,

275 2135 370 2174 Quem
397 2139 522 2175 optaret
544 2137 705 2168 meliorem

318 2183 417 2215 Misso
442 2183 506 2214 late
528 2184 649 2225 nuntio,

274 2229 410 2261 Thomas
435 2231 535 2271 adest,
563 2231 739 2263 destinatur

278 2277 330 2308 Ad
356 2279 555 2318 structuram,
581 2278 671 2310 indis
697 2278 790 2310 datur

324 2324 416 2358 Salus
440 2325 507 2363 regi
532 2325 655 2367 nescio;

855 179 894 211 V.
925 178 986 210 Hic
1010 176 1115 217 egenis
1142 175 1239 207 donat
1262 172 1388 215 vietum,

928 225 1022 256 Peste
1045 222 1135 264 gravi
1158 222 1245 254 levat
1262 222 1370 253 ictum.

983 365 1030 397 Iu
1056 366 1088 398 3.
1113 363 1353 396 Nocturno.

1069 464 1264 500 Antiphonae.

899 549 905 556 .
931 524 1074 555 Dilectus
1099 523 1152 554 hic
1174 522 1310 553 Domino

978 569 1016 602 In
1039 577 1142 601 messe
1165 568 1300 607 laborat,

932 617 997 651 Ubi
1021 625 1116 648 saeva
1139 615 1254 657 rabies,

978 664 1052 697 Iliie
1074 664 1152 694 mite
1175 665 1274 696 rorat.

899 745 906 752 .
933 720 1016 751 Dum
1040 719 1086 750 sie
1109 720 1204 758 longa
1228 721 1374 757 tempora

979 766 1043 799 Pro
1070 766 1196 799 Christo
1220 766 1362 806 certavit,

938 813 1069 846 Cursum
1094 812 1187 845 huius
1212 812 1330 844 saeculi

983 860 1050 892 Deo
1076 859 1313 892 consummavit.

903 942 909 949 .
936 916 1063 948 Caelum
1089 917 1175 947 clara
1199 915 1347 955 lampade

982 963 1122 1002 undique
1144 962 1306 1001 lustratur,

936 1010 994 1048 Qui
1018 1009 1051 1040 in
1075 1008 1138 1041 fine
1161 1008 1284 1049 vicerit,

981 1056 1049 1088 illie
1074 1056 1263 1088 consolatur.

1073 1158 1278 1193 Responsoria.

903 1256 910 1263 .
936 1234 1012 1265 Post
1038 1233 1201 1264 decursum
1225 1233 1260 1264 in
1286 1232 1444 1263 condenso

936 1279 1088 1311 Nesoiens
1113 1280 1205 1311 beato
1230 1288 1346 1319 prenso

982 1325 1097 1358 Tradit
1120 1327 1204 1357 hune
1228 1326 1403 1358 tortoribus

937 1373 1086 1412 Quatuor,
1112 1373 1164 1405 hic
1188 1373 1298 1404 similis

938 1419 1054 1451 Caesus
1079 1419 1181 1459 plagis
1204 1430 1223 1451 a
1248 1420 1329 1451 binis
1356 1420 1442 1459 vagis

983 1465 1109 1498 Finitur
1131 1467 1303 1506 militibus3

900 1539 907 1545 .
939 1512 1013 1545 Ovis
1038 1514 1140 1545 saevis
1165 1514 1248 1552 lupis
1275 1512 1378 1555 datur,

939 1559 1005 1592 Ubi
1029 1568 1085 1590 san
1090 1563 1156 1591 ctus
1183 1561 1350 1592 cruciatur.

882 1621 889 1630 “
905 1640 913 1649 .
940 1616 1109 1654 Postquam
1134 1615 1245 1647 horum
1271 1625 1345 1648 ense
1371 1616 1467 1657 cadit,

936 1663 990 1694 Ad
1015 1663 1150 1694 caeleste
1176 1672 1306 1703 regnum
1330 1664 1430 1706 vadit,

985 1708 1049 1740 Ubi
1074 1719 1150 1742 vera
1172 1711 1297 1750 gaudia,

938 1756 1076 1788 Locatur
1100 1757 1169 1788 luce
1193 1758 1317 1797 piorum

938 1802 1101 1842 Iudexque
1127 1804 1220 1837 datur
1243 1813 1379 1843 reorum,

985 1850 1110 1882 Iudicet
1133 1853 1169 1882 ut
1193 1853 1316 1892 omnia3

902 1922 908 1927 .
937 1896 1032 1936 Ecce,
1059 1906 1150 1929 verus
1175 1898 1322 1930 Israelita

941 1943 1006 1976 Ubi
1031 1944 1121 1975 dolus
1145 1953 1208 1975 non
1233 1949 1290 1978 est.

907 2021 915 2030 .
942 1998 966 2030 O
990 1998 1024 2029 in
1049 2000 1172 2038 quantis
1197 1999 1300 2041 fulget
1322 2001 1388 2041 ille,

944 2045 1038 2077 Cujus
1062 2055 1157 2078 manu
1181 2047 1286 2087 rigant
1310 2048 1416 2080 stillae

990 2091 1188 2125 Sacrosancti
1212 2094 1333 2135 lateris,

946 2139 1011 2177 Quo
1035 2140 1165 2180 palpato
1190 2141 1326 2180 primum
1352 2144 1454 2175 eredit,

940 2186 984 2217 Et
1004 2186 1047 2217 ad
1070 2190 1203 2219 mortem
1228 2189 1301 2221 huic
1326 2191 1434 2223 obedit

991 2232 1082 2265 Viam
1108 2236 1224 2267 docens
1248 2236 1397 2280 aetheris,

874 2279 915 2312 V.
943 2280 1109 2324 Dominus,
1135 2282 1220 2321 quod
1243 2287 1347 2316 marte
1367 2290 1489 2328 regnat,

945 2327 1027 2359 Dum
1052 2327 1222 2370 affirmant,
1246 2331 1308 2363 iste
1331 2336 1434 2374 negat.
