1655 2534
715 126 965 162 „128—

263 220 356 253 Nunc
379 220 412 252 in
435 221 546 253 horum
571 220 701 260 collegio

305 267 348 300 Et
371 267 599 307 praemiatione

357 315 542 353 congaudes
567 314 742 354 copulatus.

207 371 237 402 3.
263 370 379 402 Beatus
404 370 463 402 vir.
488 369 542 410 qui
565 369 670 402 timuit

307 416 407 448 Deum
432 426 561 449 servans
584 416 743 458 mandata,

266 463 311 495 Ob
335 463 396 495 hoo
417 464 533 504 proles,
560 472 649 503 qnam
674 462 792 503 genuit,

309 509 384 541 Fuit
407 511 628 550 multiplicata.

205 568 239 599 4.
265 565 422 598 Laudavit
443 574 555 598 nomen
578 565 715 605 Domini,

309 613 391 644 Dum
417 613 494 643 vixit
517 612 551 644 in
574 612 635 643 hoe
657 611 784 651 mundo,

262 657 357 690 Nunc
379 659 502 690 iunctus
526 658 593 690 Deo
617 657 736 690 homini

304 705 429 736 Laudat
454 705 549 737 corde
571 704 718 736 iucundo.

381 778 426 804 Ad
443 777 619 814 Magnifieat.

193 836 233 867 A.
263 835 287 866 O
314 833 417 875 fulgor
440 833 613 873 humilium,

264 881 287 913 O
314 880 420 913 fervor
442 882 679 921 paenitentium,

310 928 372 960 Vas
396 931 523 959 sanctae
546 929 728 970 munditiae,

353 974 499 1006 Sincerus
522 975 555 1006 in
580 975 655 1014 vita,

262 1020 347 1054 Vitia
374 1019 532 1060 refugiens

260 1067 304 1099 Et
328 1067 466 1099 virtuosa
489 1067 617 1106 faciens,

306 1113 398 1145 victu
421 1114 630 1154 parsimoniae

354 1160 454 1191 Verus
480 1161 651 1192 coenobita.

323 1263 381 1294 Ad
406 1262 666 1296 Matutinum.

389 1327 599 1355 Invitatorium.

341 1381 427 1417 (Ante
446 1385 650 1418 pentecosten.)

260 1442 377 1473 Sancta
400 1442 501 1471 mater
526 1442 659 1473 eeclesia

308 1486 411 1519 Corde
435 1487 547 1518 devoto
575 1492 710 1530 resonet,

261 1533 371 1565 Colens
397 1533 483 1564 Petri
507 1533 671 1566 sollemnia

309 1579 385 1611 Cum
409 1587 487 1610 voce
507 1580 593 1611 clara
615 1581 747 1624 intonet,

396 1625 543 1658 Alleluia.

346 1696 429 1731 (Post
444 1698 650 1734 pentecosten.)

262 1755 386 1787 Christo
412 1755 453 1785 sit
476 1755 545 1786 laus
570 1758 601 1787 et
625 1757 725 1797 gloria

306 1803 345 1834 In
369 1804 457 1832 coetu
483 1802 704 1844 confessorum,

262 1848 369 1879 Sancti
393 1848 480 1879 Petri
503 1850 659 1889 magnalia

308 1894 441 1932 Quorum
468 1895 618 1927 decorant
642 1898 780 1931 chorum.

322 1997 369 2028 In
395 2000 424 2030 1.
452 1997 678 2031 Nocturno.

402 2062 596 2097 Antiphonae.

204 2119 234 2150 1.
259 2118 376 2150 Beatus
400 2119 450 2151 vir
473 2129 535 2151 non
561 2119 639 2152 abiit

307 2166 346 2198 ln
370 2167 430 2197 viis
454 2170 664 2210 peecatorum,

262 2211 326 2243 Sed
348 2216 385 2243 ut
410 2213 539 2245 devotus
563 2214 644 2246 adiit

307 2258 455 2291 Semitam
477 2266 727 2302 praeceptorum.

203 2315 234 2346 2.
258 2314 452 2348 Praedieans
475 2316 509 2348 in
534 2318 668 2349 ecelesia

307 2360 424 2393 Summi
448 2363 508 2395 Dei
528 2367 741 2407 praeceptum,

934 219 982 252 Ut
1003 218 1088 252 filiu-s
1113 228 1151 253 ex
1175 218 1280 260 gratia

985 267 1071 306 Opus
1096 268 1291 298 consummat
1316 266 1473 306 coeptum,

904 357 911 364 .
936 331 1126 365 Mirifioatus
1149 333 1278 364 invocat

982 379 1085 411 Deum
1110 385 1143 410 et
1166 378 1346 419 exauditur,

935 426 1047 458 Plures
1072 426 1114 458 ad
1139 426 1254 458 bonum
1279 427 1442 467 provocat,

980 472 1059 504 Eius
1084 472 1169 504 fama
1195 473 1269 504 dum
1293 473 1403 504 scitur.

902 561 908 568 .
936 537 1190 577 Circumsaeptus
1213 537 1337 569 iustitia

982 584 1151 623 Bonaeque
1174 584 1346 616 voluntatis

936 630 1030 661 Sento
1056 630 1146 661 sedet
1168 631 1203 662 in
1226 630 1329 670 gloria

982 677 1129 709 Summae
1152 675 1326 711 felicitatis,

902 767 909 775 .
937 742 1072 781 Christe,
1101 750 1221 773 memor
1247 750 1280 774 es
1303 742 1441 775 hominis

984 787 1161 822 Conformis
1187 790 1381 829 angelorum,

936 836 1035 875 Quem
1059 838 1185 876 sceptro
1211 837 1410 868 celsitudinis

982 883 1122 915 Coronas
1146 882 1322 917 beatorum.

903 974 910 981 .
935 948 993 980 Vir
1015 948 1175 980 confidens
1198 949 1233 981 in
1256 948 1392 981 Domino

980 995 1138 1027 Iustitiam
1161 996 1283 1036 dilexit,

934 1042 1013 1074 Eius
1036 1042 1204 1082 praeclara
1227 1041 1326 1075 facies

981 1089 1183 1128 Aequitatem
1205 1089 1382 1130 prospexit.

1060 1191 1270 1226 Responsoria.

899 1281 907 1288 .
932 1255 1097 1289 Perfectus
1122 1257 1173 1289 vir
1193 1258 1227 1290 in
1251 1258 1413 1298 publicum

976 1304 1139 1336 Recusans
1165 1306 1346 1338 conversari

929 1350 1024 1382 quta
1047 1352 1173 1383 modum
1199 1352 1374 1385 mosaicum

977 1398 1014 1429 Iu
1038 1402 1146 1430 monte
1168 1400 1239 1430 vult,
1259 1401 1388 1443 morari,

930 1443 977 1475 Ut
998 1448 1204 1485 praeceptum
1231 1446 1421 1480 dominicum

978 1490 1092 1523 Valeat
1116 1494 1252 1536 operari,

894 1559 901 1566 .
932 1536 1034 1569 Deum
1059 1541 1276 1579 contemplans
1300 1543 1428 1573 unicum

932 1584 1114 1617 Praesentit
1139 1586 1243 1619 eibum
1269 1589 1422 1621 caelieum

978 1631 1178 1672 Frequenter
1201 1634 1263 1666 sibi
1290 1637 1370 1669 dari.

899 1721 906 1728 .
932 1696 970 1728 In
995 1697 1056 1729 Dei
1080 1696 1207 1731 fervens
1232 1709 1329 1741 opere

977 1744 1093 1776 Mundi
1116 1744 1232 1778 fastum
1260 1748 1389 1788 dimisit,

933 1788 996 1822 Sua
1019 1792 1129 1824 volens
1153 1795 1333 1835 relinquere

977 1837 1174 1878 Pauperibus
1200 1842 1319 1882 divisit,

931 1883 1028 1922 Quem
1050 1885 1186 1918 liberum
1209 1898 1231 1920 a
1252 1891 1397 1929 pondere

980 1931 1124 1964 Christus
1148 1936 1245 1968 caelis
1267 1937 1410 1979 immisit«⁷

892 2001 899 2007 .
928 1976 1053 2017 Pauper
1079 1988 1148 2011 eum
1174 1981 1299 2017 Christo
1323 1995 1466 2026 paupere

930 2021 1039 2063 Elegit
1061 2034 1187 2066 semper
1210 2031 1329 2071 vivere,

978 2069 1024 2101 Ut
1048 2079 1118 2103 eum
1141 2076 1230 2115 sequi
1251 2081 1365 2116 possit.

898 2160 906 2165 ‚
931 2133 1016 2165 Dum
1030 2136 1160 2171 daemon
1173 2140 1257 2174 hunc
1271 2147 1484 2188 persequitur,

960 2181 1121 2232 'Prudens
1145 2188 1206 2219 scit
1230 2193 1399 2233 contraire,

936 2226 990 2258 S1e
1011 2229 1140 2263 vincens
1163 2243 1225 2266 non
1251 2239 1415 2273 extollitur

978 2273 1049 2306 Nec,
1074 2279 1198 2316 quaerit
1221 2285 1397 2328 superbire,

931 2320 995 2352 Sed
1018 2322 1158 2356 virtuose
1181 2327 1294 2362 nititur

979 2367 1033 2400 Ad
1055 2379 1185 2410 regnum
1209 2374 1353 2420 introire,
