<?xml version="1.0" encoding="UTF-8"?>
<!DOCTYPE html PUBLIC "-//W3C//DTD XHTML 1.0 Transitional//EN"
    "http://www.w3.org/TR/xhtml1/DTD/xhtml1-transitional.dtd">
<html xmlns="http://www.w3.org/1999/xhtml" xml:lang="en" lang="en">
 <head>
  <title>
</title>
<meta http-equiv="Content-Type" content="text/html;charset=utf-8" />
  <meta name='ocr-system' content='tesseract 3.04.00' />
  <meta name='ocr-capabilities' content='ocr_page ocr_carea ocr_par ocr_line ocrx_word'/>
</head>
<body>
  <div class='ocr_page' id='page_1' title='image "./analectahymnica28drevuoft_00023.png"; bbox 0 0 1655 2534; ppageno 0'>
   <div class='ocr_carea' id='block_1_1' title="bbox 773 123 1002 157">
    <p class='ocr_par' dir='ltr' id='par_1_1' title="bbox 773 123 1002 157">
     <span class='ocr_line' id='line_1_1' title="bbox 773 123 1002 157; baseline -0.009 -8"><span class='ocrx_word' id='word_1_1' title='bbox 773 123 1002 157; x_wconf 62' lang='lat'>-20-</span> 
     </span>
    </p>
   </div>
   <div class='ocr_carea' id='block_1_2' title="bbox 631 218 987 246">
    <p class='ocr_par' dir='ltr' id='par_1_2' title="bbox 631 218 987 246">
     <span class='ocr_line' id='line_1_2' title="bbox 631 218 987 246; baseline -0.003 -1"><span class='ocrx_word' id='word_1_2' title='bbox 631 219 720 246; x_wconf 84' lang='lat' dir='ltr'><strong>Cuius</strong></span> <span class='ocrx_word' id='word_1_3' title='bbox 740 226 818 245; x_wconf 82' lang='lat' dir='ltr'><strong>nuno</strong></span> <span class='ocrx_word' id='word_1_4' title='bbox 836 218 987 245; x_wconf 78' lang='lat' dir='ltr'><strong>unanimes</strong></span> 
     </span>
    </p>
   </div>
   <div class='ocr_carea' id='block_1_3' title="bbox 629 255 964 288">
    <p class='ocr_par' dir='ltr' id='par_1_3' title="bbox 629 255 964 288">
     <span class='ocr_line' id='line_1_3' title="bbox 629 255 964 288; baseline -0.003 -5"><span class='ocrx_word' id='word_1_5' title='bbox 629 257 799 284; x_wconf 76' lang='lat' dir='ltr'><strong>Insistentes</strong></span> <span class='ocrx_word' id='word_1_6' title='bbox 819 255 964 288; x_wconf 81' lang='lat' dir='ltr'><strong>laudibus,</strong></span> 
     </span>
    </p>
   </div>
   <div class='ocr_carea' id='block_1_4' title="bbox 629 292 1021 366">
    <p class='ocr_par' dir='ltr' id='par_1_4' title="bbox 629 292 1021 366">
     <span class='ocr_line' id='line_1_4' title="bbox 630 292 1020 329; baseline -0.003 -8"><span class='ocrx_word' id='word_1_7' title='bbox 630 294 674 321; x_wconf 74' lang='lat' dir='ltr'><strong>Ut</strong></span> <span class='ocrx_word' id='word_1_8' title='bbox 692 301 743 329; x_wconf 89' lang='lat' dir='ltr'><strong>pro</strong></span> <span class='ocrx_word' id='word_1_9' title='bbox 763 294 870 320; x_wconf 82' lang='lat' dir='ltr'><strong>nostris</strong></span> <span class='ocrx_word' id='word_1_10' title='bbox 891 292 1020 320; x_wconf 73' lang='lat' dir='ltr'><strong>reatibus</strong></span> 
     </span>
     <span class='ocr_line' id='line_1_5' title="bbox 629 331 1021 366; baseline -0.005 -7"><span class='ocrx_word' id='word_1_11' title='bbox 629 331 816 364; x_wconf 69' lang='lat' dir='ltr'>Interveniat,</span> <span class='ocrx_word' id='word_1_12' title='bbox 837 338 1021 366; x_wconf 84' lang='lat' dir='ltr'><strong>quaesumus.</strong></span> 
     </span>
    </p>
   </div>
   <div class='ocr_carea' id='block_1_5' title="bbox 319 393 1457 431">
    <p class='ocr_par' dir='ltr' id='par_1_5' title="bbox 319 393 1457 431">
     <span class='ocr_line' id='line_1_6' title="bbox 319 393 1457 431; baseline -0.001 -8"><span class='ocrx_word' id='word_1_13' title='bbox 319 395 429 423; x_wconf 76' lang='lat' dir='ltr'><strong>Andere</strong></span> <span class='ocrx_word' id='word_1_14' title='bbox 449 396 570 429; x_wconf 70' lang='lat' dir='ltr'><strong>Quellen</strong></span> <span class='ocrx_word' id='word_1_15' title='bbox 590 395 624 426; x_wconf 79' lang='lat' dir='ltr'><strong>(z.</strong></span> <span class='ocrx_word' id='word_1_16' title='bbox 644 397 676 424; x_wconf 84' lang='grc' dir='ltr'><strong>Β.</strong></span> <span class='ocrx_word' id='word_1_17' title='bbox 697 396 723 424; x_wconf 78' lang='lat' dir='ltr'><strong>Gr</strong></span> <span class='ocrx_word' id='word_1_18' title='bbox 742 396 771 423; x_wconf 82' lang='lat' dir='ltr'>H</span> <span class='ocrx_word' id='word_1_19' title='bbox 790 395 827 429; x_wconf 88' lang='lat' dir='ltr'><strong>K)</strong></span> <span class='ocrx_word' id='word_1_20' title='bbox 845 395 941 423; x_wconf 87' lang='lat' dir='ltr'><strong>haben</strong></span> <span class='ocrx_word' id='word_1_21' title='bbox 960 396 992 422; x_wconf 87' lang='lat' dir='ltr'><strong>in</strong></span> <span class='ocrx_word' id='word_1_22' title='bbox 1012 395 1062 423; x_wconf 87' lang='lat' dir='ltr'><strong>der</strong></span> <span class='ocrx_word' id='word_1_23' title='bbox 1081 396 1168 431; x_wconf 85' lang='lat' dir='ltr'><strong>Vesp.</strong></span> <span class='ocrx_word' id='word_1_24' title='bbox 1189 393 1207 423; x_wconf 88' lang='grc'>5</span> <span class='ocrx_word' id='word_1_25' title='bbox 1228 394 1275 422; x_wconf 87' lang='grc' dir='ltr'><strong>ΑΑ</strong></span> <span class='ocrx_word' id='word_1_26' title='bbox 1295 404 1382 431; x_wconf 87' lang='lat' dir='ltr'><strong>super</strong></span> <span class='ocrx_word' id='word_1_27' title='bbox 1401 396 1457 422; x_wconf 76' lang='lat' dir='ltr'><strong>Ps:</strong></span> 
     </span>
    </p>
   </div>
   <div class='ocr_carea' id='block_1_6' title="bbox 249 450 659 600">
    <p class='ocr_par' dir='ltr' id='par_1_6' title="bbox 249 450 659 600">
     <span class='ocr_line' id='line_1_7' title="bbox 249 450 659 480; baseline 0.002 -1"><span class='ocrx_word' id='word_1_28' title='bbox 249 450 273 479; x_wconf 92' lang='grc'><strong>1.</strong></span> <span class='ocrx_word' id='word_1_29' title='bbox 294 452 407 480; x_wconf 74' lang='lat' dir='ltr'><strong>Psallat</strong></span> <span class='ocrx_word' id='word_1_30' title='bbox 425 454 516 479; x_wconf 80' lang='lat' dir='ltr'><strong>mater</strong></span> <span class='ocrx_word' id='word_1_31' title='bbox 536 452 659 480; x_wconf 77' lang='lat' dir='ltr'><strong>eeclesia</strong></span> 
     </span>
     <span class='ocr_line' id='line_1_8' title="bbox 293 490 656 525; baseline -0.003 -8"><span class='ocrx_word' id='word_1_32' title='bbox 293 490 380 518; x_wconf 81' lang='lat' dir='ltr'><strong>Duloi</strong></span> <span class='ocrx_word' id='word_1_33' title='bbox 397 498 462 517; x_wconf 79' lang='lat' dir='ltr'><strong>eum</strong></span> <span class='ocrx_word' id='word_1_34' title='bbox 483 490 656 525; x_wconf 76' lang='lat' dir='ltr'>symphonia</span> 
     </span>
     <span class='ocr_line' id='line_1_9' title="bbox 294 527 626 554; baseline 0 0"><span class='ocrx_word' id='word_1_35' title='bbox 294 527 477 554; x_wconf 74' lang='lat' dir='ltr'><strong>Recensenclo</strong></span> <span class='ocrx_word' id='word_1_36' title='bbox 500 527 626 554; x_wconf 83' lang='lat' dir='ltr'><strong>celebria</strong></span> 
     </span>
     <span class='ocr_line' id='line_1_10' title="bbox 290 562 648 600; baseline -0.003 -8"><span class='ocrx_word' id='word_1_37' title='bbox 290 562 473 600; x_wconf 83' lang='lat' dir='ltr'><strong>Margaretae</strong></span> <span class='ocrx_word' id='word_1_38' title='bbox 496 565 648 592; x_wconf 80' lang='lat' dir='ltr'><strong>sollemnia</strong></span> 
     </span>
    </p>
   </div>
   <div class='ocr_carea' id='block_1_7' title="bbox 244 628 627 665">
    <p class='ocr_par' dir='ltr' id='par_1_7' title="bbox 244 628 627 665">
     <span class='ocr_line' id='line_1_11' title="bbox 244 628 627 665; baseline 0 -9"><span class='ocrx_word' id='word_1_39' title='bbox 244 628 270 656; x_wconf 77' lang='lat'><strong>2.</strong></span> <span class='ocrx_word' id='word_1_40' title='bbox 290 630 372 658; x_wconf 83' lang='lat' dir='ltr'><strong>Haeo</strong></span> <span class='ocrx_word' id='word_1_41' title='bbox 391 631 475 665; x_wconf 84' lang='lat' dir='ltr'><strong>quasi</strong></span> <span class='ocrx_word' id='word_1_42' title='bbox 488 631 627 657; x_wconf 83' lang='lat' dir='ltr'><strong>foetorem</strong></span> 
     </span>
    </p>
   </div>
   <div class='ocr_carea' id='block_1_8' title="bbox 330 666 797 703">
    <p class='ocr_par' dir='ltr' id='par_1_8' title="bbox 330 666 797 703">
     <span class='ocr_line' id='line_1_12' title="bbox 330 666 797 703; baseline 0.002 -10"><span class='ocrx_word' id='word_1_43' title='bbox 330 666 437 694; x_wconf 78' lang='lat' dir='ltr'><strong>Christi</strong></span> <span class='ocrx_word' id='word_1_44' title='bbox 456 668 581 703; x_wconf 79' lang='lat' dir='ltr'><strong>flagrans</strong></span> <span class='ocrx_word' id='word_1_45' title='bbox 602 675 653 702; x_wconf 87' lang='lat' dir='ltr'><strong>per</strong></span> <span class='ocrx_word' id='word_1_46' title='bbox 673 674 797 694; x_wconf 82' lang='lat' dir='ltr'><strong>amorem</strong></span> 
     </span>
    </p>
   </div>
   <div class='ocr_carea' id='block_1_9' title="bbox 290 704 582 738">
    <p class='ocr_par' dir='ltr' id='par_1_9' title="bbox 290 704 582 738">
     <span class='ocr_line' id='line_1_13' title="bbox 290 704 582 738; baseline -0.003 -6"><span class='ocrx_word' id='word_1_47' title='bbox 290 704 340 732; x_wconf 75' lang='lat' dir='ltr'><strong>Sic</strong></span> <span class='ocrx_word' id='word_1_48' title='bbox 358 704 457 731; x_wconf 81' lang='lat' dir='ltr'><strong>mundi</strong></span> <span class='ocrx_word' id='word_1_49' title='bbox 476 705 582 738; x_wconf 82' lang='lat' dir='ltr'><strong>florem,</strong></span> 
     </span>
    </p>
   </div>
   <div class='ocr_carea' id='block_1_10' title="bbox 326 741 848 777">
    <p class='ocr_par' dir='ltr' id='par_1_10' title="bbox 326 741 848 777">
     <span class='ocr_line' id='line_1_14' title="bbox 326 741 848 777; baseline 0.002 -10"><span class='ocrx_word' id='word_1_50' title='bbox 326 741 424 767; x_wconf 74' lang='lat' dir='ltr'><strong>mimdi</strong></span> <span class='ocrx_word' id='word_1_51' title='bbox 445 749 560 777; x_wconf 86' lang='lat' dir='ltr'><strong>quoque</strong></span> <span class='ocrx_word' id='word_1_52' title='bbox 580 742 690 776; x_wconf 75' lang='lat' dir='ltr'><strong>spernit</strong></span> <span class='ocrx_word' id='word_1_53' title='bbox 702 741 848 768; x_wconf 77' lang='lat' dir='ltr'><strong>honorem.</strong></span> 
     </span>
    </p>
   </div>
   <div class='ocr_carea' id='block_1_11' title="bbox 919 449 1420 601">
    <p class='ocr_par' dir='ltr' id='par_1_11' title="bbox 919 449 1420 601">
     <span class='ocr_line' id='line_1_15' title="bbox 919 449 1382 480; baseline 0 -1"><span class='ocrx_word' id='word_1_54' title='bbox 919 449 946 479; x_wconf 86' lang='lat'><strong>3.</strong></span> <span class='ocrx_word' id='word_1_55' title='bbox 969 453 1024 479; x_wconf 87' lang='lat' dir='ltr'><strong>Per</strong></span> <span class='ocrx_word' id='word_1_56' title='bbox 1043 453 1184 479; x_wconf 77' lang='lat' dir='ltr'><strong>virtutum</strong></span> <span class='ocrx_word' id='word_1_57' title='bbox 1202 453 1382 480; x_wconf 76' lang='lat' dir='ltr'><strong>incrementa</strong></span> 
     </span>
     <span class='ocr_line' id='line_1_16' title="bbox 967 490 1415 523; baseline 0 -6"><span class='ocrx_word' id='word_1_58' title='bbox 967 490 1070 517; x_wconf 84' lang='lat' dir='ltr'><strong>Carnis</strong></span> <span class='ocrx_word' id='word_1_59' title='bbox 1090 490 1189 517; x_wconf 78' lang='lat' dir='ltr'><strong>horret</strong></span> <span class='ocrx_word' id='word_1_60' title='bbox 1207 490 1415 523; x_wconf 84' lang='lat' dir='ltr'><strong>blandimenta,</strong></span> 
     </span>
     <span class='ocr_line' id='line_1_17' title="bbox 966 526 1420 561; baseline 0 -7"><span class='ocrx_word' id='word_1_61' title='bbox 966 527 1092 554; x_wconf 73' lang='lat' dir='ltr'><strong>Sei-vans</strong></span> <span class='ocrx_word' id='word_1_62' title='bbox 1111 526 1197 554; x_wconf 86' lang='lat' dir='ltr'><strong>fidem</strong></span> <span class='ocrx_word' id='word_1_63' title='bbox 1218 527 1334 555; x_wconf 87' lang='lat' dir='ltr'><strong>Christo</strong></span> <span class='ocrx_word' id='word_1_64' title='bbox 1355 528 1420 561; x_wconf 91' lang='lat' dir='ltr'><strong>soli,</strong></span> 
     </span>
     <span class='ocr_line' id='line_1_18' title="bbox 963 564 1397 601; baseline 0 -10"><span class='ocrx_word' id='word_1_65' title='bbox 963 565 1057 592; x_wconf 86' lang='lat' dir='ltr'><strong>Laeta</strong></span> <span class='ocrx_word' id='word_1_66' title='bbox 1076 564 1191 592; x_wconf 80' lang='lat' dir='ltr'>scandit</span> <span class='ocrx_word' id='word_1_67' title='bbox 1210 573 1305 592; x_wconf 82' lang='lat' dir='ltr'><strong>arcem</strong></span> <span class='ocrx_word' id='word_1_68' title='bbox 1326 565 1397 601; x_wconf 86' lang='lat' dir='ltr'><strong>poli.</strong></span> 
     </span>
    </p>
   </div>
   <div class='ocr_carea' id='block_1_12' title="bbox 917 629 1278 658">
    <p class='ocr_par' dir='ltr' id='par_1_12' title="bbox 917 629 1278 658">
     <span class='ocr_line' id='line_1_19' title="bbox 917 629 1278 658; baseline 0 -1"><span class='ocrx_word' id='word_1_69' title='bbox 917 629 943 657; x_wconf 79' lang='lat'><strong>4.</strong></span> <span class='ocrx_word' id='word_1_70' title='bbox 965 631 988 658; x_wconf 96' lang='lat' dir='ltr'>O</span> <span class='ocrx_word' id='word_1_71' title='bbox 1008 630 1061 657; x_wconf 87' lang='lat' dir='ltr'><strong>flos</strong></span> <span class='ocrx_word' id='word_1_72' title='bbox 1081 631 1178 657; x_wconf 88' lang='lat' dir='ltr'><strong>virens</strong></span> <span class='ocrx_word' id='word_1_73' title='bbox 1201 631 1278 657; x_wconf 88' lang='lat' dir='ltr'><strong>inter</strong></span> 
     </span>
    </p>
   </div>
   <div class='ocr_carea' id='block_1_13' title="bbox 1001 667 1223 703">
    <p class='ocr_par' dir='ltr' id='par_1_13' title="bbox 1001 667 1223 703">
     <span class='ocr_line' id='line_1_20' title="bbox 1001 667 1223 703; baseline 0 -9"><span class='ocrx_word' id='word_1_74' title='bbox 1001 667 1130 703; x_wconf 79' lang='lat' dir='ltr'>paradisi</span> <span class='ocrx_word' id='word_1_75' title='bbox 1149 668 1223 701; x_wconf 83' lang='lat' dir='ltr'><strong>lilia,</strong></span> 
     </span>
    </p>
   </div>
   <div class='ocr_carea' id='block_1_14' title="bbox 961 705 1315 741">
    <p class='ocr_par' dir='ltr' id='par_1_14' title="bbox 961 705 1315 741">
     <span class='ocr_line' id='line_1_21' title="bbox 961 705 1315 741; baseline 0.003 -9"><span class='ocrx_word' id='word_1_76' title='bbox 961 705 1134 740; x_wconf 80' lang='lat' dir='ltr'><strong>Margareta,</strong></span> <span class='ocrx_word' id='word_1_77' title='bbox 1153 706 1236 741; x_wconf 85' lang='lat' dir='ltr'><strong>virgo</strong></span> <span class='ocrx_word' id='word_1_78' title='bbox 1256 706 1315 741; x_wconf 85' lang='lat' dir='ltr'><strong>pia,</strong></span> 
     </span>
    </p>
   </div>
   <div class='ocr_carea' id='block_1_15' title="bbox 999 742 1243 770">
    <p class='ocr_par' dir='ltr' id='par_1_15' title="bbox 999 742 1243 770">
     <span class='ocr_line' id='line_1_22' title="bbox 999 742 1243 770; baseline 0 -1"><span class='ocrx_word' id='word_1_79' title='bbox 999 743 1062 769; x_wconf 82' lang='lat' dir='ltr'><strong>veri</strong></span> <span class='ocrx_word' id='word_1_80' title='bbox 1082 743 1153 770; x_wconf 88' lang='lat' dir='ltr'><strong>solis</strong></span> <span class='ocrx_word' id='word_1_81' title='bbox 1173 742 1243 770; x_wconf 88' lang='lat' dir='ltr'><strong>filia.</strong></span> 
     </span>
    </p>
   </div>
   <div class='ocr_carea' id='block_1_16' title="bbox 653 804 1168 1214">
    <p class='ocr_par' dir='ltr' id='par_1_16' title="bbox 653 804 1168 1214">
     <span class='ocr_line' id='line_1_23' title="bbox 653 804 995 834; baseline 0.003 -1"><span class='ocrx_word' id='word_1_82' title='bbox 653 804 679 833; x_wconf 84' lang='lat'><strong>5.</strong></span> <span class='ocrx_word' id='word_1_83' title='bbox 698 806 824 833; x_wconf 84' lang='lat' dir='ltr'><strong>Plaudat</strong></span> <span class='ocrx_word' id='word_1_84' title='bbox 843 806 914 834; x_wconf 82' lang='lat' dir='ltr'><strong>Sion</strong></span> <span class='ocrx_word' id='word_1_85' title='bbox 932 807 995 834; x_wconf 72' lang='lat' dir='ltr'><strong>filia</strong></span> 
     </span>
     <span class='ocr_line' id='line_1_24' title="bbox 735 843 1084 879; baseline 0.006 -9"><span class='ocrx_word' id='word_1_86' title='bbox 735 843 868 871; x_wconf 88' lang='lat' dir='ltr'><strong>Laudum</strong></span> <span class='ocrx_word' id='word_1_87' title='bbox 888 853 952 872; x_wconf 84' lang='lat' dir='ltr'><strong>eum</strong></span> <span class='ocrx_word' id='word_1_88' title='bbox 972 852 1084 879; x_wconf 72' lang='lat' dir='ltr'><strong>canore,</strong></span> 
     </span>
     <span class='ocr_line' id='line_1_25' title="bbox 699 881 1075 909; baseline 0.005 -2"><span class='ocrx_word' id='word_1_89' title='bbox 699 881 809 908; x_wconf 77' lang='lat' dir='ltr'><strong>Assunt</strong></span> <span class='ocrx_word' id='word_1_90' title='bbox 827 890 904 909; x_wconf 84' lang='lat' dir='ltr'><strong>nune</strong></span> <span class='ocrx_word' id='word_1_91' title='bbox 923 882 1075 909; x_wconf 82' lang='lat' dir='ltr'><strong>sollemnia</strong></span> 
     </span>
     <span class='ocr_line' id='line_1_26' title="bbox 737 918 1016 953; baseline 0.011 -9"><span class='ocrx_word' id='word_1_92' title='bbox 737 918 868 953; x_wconf 85' lang='lat' dir='ltr'><strong>Virginis</strong></span> <span class='ocrx_word' id='word_1_93' title='bbox 888 919 1016 953; x_wconf 79' lang='lat' dir='ltr'><strong>decorae,</strong></span> 
     </span>
     <span class='ocr_line' id='line_1_27' title="bbox 696 955 1168 992; baseline 0.004 -10"><span class='ocrx_word' id='word_1_94' title='bbox 696 955 884 990; x_wconf 82' lang='lat' dir='ltr'><strong>Margaretae,</strong></span> <span class='ocrx_word' id='word_1_95' title='bbox 906 965 1031 991; x_wconf 80' lang='lat' dir='ltr'><strong>sponsae</strong></span> <span class='ocrx_word' id='word_1_96' title='bbox 1051 957 1168 992; x_wconf 80' lang='lat' dir='ltr'><strong>Christi,</strong></span> 
     </span>
     <span class='ocr_line' id='line_1_28' title="bbox 735 993 1002 1026; baseline 0.007 -7"><span class='ocrx_word' id='word_1_97' title='bbox 735 993 816 1026; x_wconf 79' lang='lat' dir='ltr'><strong>Quae</strong></span> <span class='ocrx_word' id='word_1_98' title='bbox 829 1002 881 1020; x_wconf 89' lang='lat' dir='ltr'><strong>suo</strong></span> <span class='ocrx_word' id='word_1_99' title='bbox 901 1002 1002 1021; x_wconf 84' lang='lat' dir='ltr'><strong>eruore</strong></span> 
     </span>
     <span class='ocr_line' id='line_1_29' title="bbox 696 1029 1048 1058; baseline 0.006 -2"><span class='ocrx_word' id='word_1_100' title='bbox 696 1029 772 1056; x_wconf 77' lang='lat' dir='ltr'><strong>Lota</strong></span> <span class='ocrx_word' id='word_1_101' title='bbox 790 1030 860 1057; x_wconf 82' lang='lat' dir='ltr'><strong>felix</strong></span> <span class='ocrx_word' id='word_1_102' title='bbox 879 1032 910 1057; x_wconf 90' lang='lat' dir='ltr'><strong>in</strong></span> <span class='ocrx_word' id='word_1_103' title='bbox 930 1031 1048 1058; x_wconf 70' lang='lat' dir='ltr'><strong>caelesti</strong></span> 
     </span>
     <span class='ocr_line' id='line_1_30' title="bbox 735 1066 1061 1103; baseline 0.006 -9"><span class='ocrx_word' id='word_1_104' title='bbox 735 1066 848 1094; x_wconf 74' lang='lat' dir='ltr'><strong>Gaudet</strong></span> <span class='ocrx_word' id='word_1_105' title='bbox 866 1068 925 1094; x_wconf 86' lang='lat' dir='ltr'><strong>iam</strong></span> <span class='ocrx_word' id='word_1_106' title='bbox 945 1068 1061 1103; x_wconf 79' lang='lat' dir='ltr'><strong>deeore3</strong></span> 
     </span>
     <span class='ocr_line' id='line_1_31' title="bbox 698 1104 1162 1140; baseline 0.009 -10"><span class='ocrx_word' id='word_1_107' title='bbox 698 1104 795 1138; x_wconf 84' lang='lat' dir='ltr'><strong>Cuius,</strong></span> <span class='ocrx_word' id='word_1_108' title='bbox 817 1104 937 1138; x_wconf 82' lang='lat' dir='ltr'><strong>Christe,</strong></span> <span class='ocrx_word' id='word_1_109' title='bbox 959 1109 1059 1133; x_wconf 83' lang='lat' dir='ltr'><strong>saneta</strong></span> <span class='ocrx_word' id='word_1_110' title='bbox 1077 1115 1162 1140; x_wconf 83' lang='lat' dir='ltr'><strong>prece</strong></span> 
     </span>
     <span class='ocr_line' id='line_1_32' title="bbox 695 1141 1099 1177; baseline 0.007 -10"><span class='ocrx_word' id='word_1_111' title='bbox 695 1141 825 1176; x_wconf 83' lang='lat' dir='ltr'><strong>Purgans</strong></span> <span class='ocrx_word' id='word_1_112' title='bbox 845 1150 864 1168; x_wconf 90' lang='lat' dir='ltr'><strong>a</strong></span> <span class='ocrx_word' id='word_1_113' title='bbox 883 1145 999 1177; x_wconf 74' lang='lat' dir='ltr'><strong>peeoate</strong></span> <span class='ocrx_word' id='word_1_114' title='bbox 1018 1144 1099 1170; x_wconf 84' lang='lat' dir='ltr'><strong>faece</strong></span> 
     </span>
     <span class='ocr_line' id='line_1_33' title="bbox 732 1179 1098 1214; baseline 0.011 -10"><span class='ocrx_word' id='word_1_115' title='bbox 732 1179 824 1214; x_wconf 87' lang='lat' dir='ltr'><strong>Iunge</strong></span> <span class='ocrx_word' id='word_1_116' title='bbox 842 1188 895 1206; x_wconf 93' lang='lat' dir='ltr'><strong>nos</strong></span> <span class='ocrx_word' id='word_1_117' title='bbox 915 1180 1098 1208; x_wconf 72' lang='lat' dir='ltr'><strong>caelestibus.</strong></span> 
     </span>
    </p>
   </div>
   <div class='ocr_carea' id='block_1_17' title="bbox 233 1229 1521 1350">
    <p class='ocr_par' dir='ltr' id='par_1_17' title="bbox 233 1229 1521 1350">
     <span class='ocr_line' id='line_1_34' title="bbox 307 1229 1521 1274; baseline 0.011 -18"><span class='ocrx_word' id='word_1_118' title='bbox 307 1229 348 1256; x_wconf 80' lang='lat' dir='ltr'><strong>Iu</strong></span> <span class='ocrx_word' id='word_1_119' title='bbox 366 1230 476 1257; x_wconf 84' lang='lat' dir='ltr'><strong>Laud.</strong></span> <span class='ocrx_word' id='word_1_120' title='bbox 497 1229 544 1257; x_wconf 91' lang='grc' dir='ltr'><strong>ΑΑ</strong></span> <span class='ocrx_word' id='word_1_121' title='bbox 566 1240 652 1267; x_wconf 88' lang='lat' dir='ltr'><strong>super</strong></span> <span class='ocrx_word' id='word_1_122' title='bbox 670 1234 709 1260; x_wconf 84' lang='lat' dir='ltr'><strong>Ps</strong></span> <span class='ocrx_word' id='word_1_123' title='bbox 737 1234 835 1269; x_wconf 84' lang='lat' dir='ltr'><strong>fclgen</strong></span> <span class='ocrx_word' id='word_1_124' title='bbox 854 1235 917 1261; x_wconf 80' lang='lat' dir='ltr'><strong>sich</strong></span> <span class='ocrx_word' id='word_1_125' title='bbox 941 1236 973 1261; x_wconf 89' lang='lat' dir='ltr'><strong>in</strong></span> <span class='ocrx_word' id='word_1_126' title='bbox 995 1234 1016 1261; x_wconf 91' lang='grc' dir='ltr'>Α</span> <span class='ocrx_word' id='word_1_127' title='bbox 1040 1234 1063 1270; x_wconf 86' lang='grc'><strong>1,</strong></span> <span class='ocrx_word' id='word_1_128' title='bbox 1084 1234 1110 1271; x_wconf 84' lang='grc'><strong>2,</strong></span> <span class='ocrx_word' id='word_1_129' title='bbox 1130 1235 1156 1270; x_wconf 83' lang='grc'><strong>4,</strong></span> <span class='ocrx_word' id='word_1_130' title='bbox 1178 1235 1209 1272; x_wconf 76' lang='lat'><strong>&#39;53</strong></span> <span class='ocrx_word' id='word_1_131' title='bbox 1236 1237 1258 1264; x_wconf 93' lang='grc' dir='ltr'>Α</span> <span class='ocrx_word' id='word_1_132' title='bbox 1285 1237 1303 1266; x_wconf 86' lang='lat'>3</span> <span class='ocrx_word' id='word_1_133' title='bbox 1322 1240 1409 1274; x_wconf 73' lang='lat' dir='ltr'><strong>fehlt,</strong></span> <span class='ocrx_word' id='word_1_134' title='bbox 1437 1242 1521 1269; x_wconf 76' lang='lat' dir='ltr'><strong>dafiir</strong></span> 
     </span>
     <span class='ocr_line' id='line_1_35' title="bbox 235 1265 1521 1309; baseline 0.01 -15"><span class='ocrx_word' id='word_1_135' title='bbox 235 1275 273 1294; x_wconf 88' lang='lat' dir='ltr'><strong>an</strong></span> <span class='ocrx_word' id='word_1_136' title='bbox 292 1268 392 1294; x_wconf 80' lang='lat' dir='ltr'><strong>letzter</strong></span> <span class='ocrx_word' id='word_1_137' title='bbox 408 1265 456 1302; x_wconf 87' lang='grc'>(5.)</span> <span class='ocrx_word' id='word_1_138' title='bbox 474 1268 577 1296; x_wconf 75' lang='lat' dir='ltr'><strong>Stelle:</strong></span> <span class='ocrx_word' id='word_1_139' title='bbox 598 1270 622 1297; x_wconf 90' lang='lat' dir='ltr'>O</span> <span class='ocrx_word' id='word_1_140' title='bbox 641 1271 814 1306; x_wconf 81' lang='lat' dir='ltr'><strong>Margareta,</strong></span> <span class='ocrx_word' id='word_1_141' title='bbox 835 1272 981 1299; x_wconf 75' lang='lat' dir='ltr'><strong>coelorum</strong></span> <span class='ocrx_word' id='word_1_142' title='bbox 1000 1274 1083 1309; x_wconf 88' lang='lat' dir='ltr'><strong>virgo</strong></span> <span class='ocrx_word' id='word_1_143' title='bbox 1104 1277 1215 1303; x_wconf 78' lang='lat' dir='ltr'><strong>secreta</strong></span> <span class='ocrx_word' id='word_1_144' title='bbox 1228 1278 1281 1303; x_wconf 83' lang='lat' dir='ltr'><strong>etc.</strong></span> <span class='ocrx_word' id='word_1_145' title='bbox 1302 1292 1339 1296; x_wconf 98' lang='lat'><strong>—</strong></span> <span class='ocrx_word' id='word_1_146' title='bbox 1355 1278 1401 1305; x_wconf 85' lang='lat' dir='ltr'><strong>Ad</strong></span> <span class='ocrx_word' id='word_1_147' title='bbox 1413 1279 1521 1307; x_wconf 81' lang='lat' dir='ltr'><strong>Bened-</strong></span> 
     </span>
     <span class='ocr_line' id='line_1_36' title="bbox 233 1302 1520 1350; baseline 0.012 -21"><span class='ocrx_word' id='word_1_148' title='bbox 233 1302 255 1329; x_wconf 93' lang='grc' dir='ltr'>Α</span> <span class='ocrx_word' id='word_1_149' title='bbox 276 1304 413 1332; x_wconf 78' lang='lat' dir='ltr'><strong>Sanctum</strong></span> <span class='ocrx_word' id='word_1_150' title='bbox 431 1305 551 1332; x_wconf 88' lang='lat' dir='ltr'><strong>Domini</strong></span> <span class='ocrx_word' id='word_1_151' title='bbox 571 1308 622 1333; x_wconf 82' lang='lat' dir='ltr'><strong>ete.</strong></span> <span class='ocrx_word' id='word_1_152' title='bbox 642 1307 676 1334; x_wconf 75' lang='lat' dir='ltr'><strong>A.</strong></span> <span class='ocrx_word' id='word_1_153' title='bbox 696 1322 733 1326; x_wconf 91' lang='lat'><strong>—</strong></span> <span class='ocrx_word' id='word_1_154' title='bbox 755 1310 797 1336; x_wconf 83' lang='lat' dir='ltr'><strong>In</strong></span> <span class='ocrx_word' id='word_1_155' title='bbox 817 1306 843 1335; x_wconf 82' lang='lat'><strong>2.</strong></span> <span class='ocrx_word' id='word_1_156' title='bbox 865 1309 967 1345; x_wconf 88' lang='lat' dir='ltr'><strong>Vesp.</strong></span> <span class='ocrx_word' id='word_1_157' title='bbox 993 1310 1030 1337; x_wconf 88' lang='lat' dir='ltr'><strong>ad</strong></span> <span class='ocrx_word' id='word_1_158' title='bbox 1049 1311 1146 1347; x_wconf 78' lang='lat' dir='ltr'><strong>Magn.</strong></span> <span class='ocrx_word' id='word_1_159' title='bbox 1174 1312 1192 1338; x_wconf 90' lang='grc' dir='ltr'>Α</span> <span class='ocrx_word' id='word_1_160' title='bbox 1218 1314 1437 1350; x_wconf 84' lang='lat' dir='ltr'><strong>Magnifioemus</strong></span> <span class='ocrx_word' id='word_1_161' title='bbox 1461 1318 1520 1344; x_wconf 88' lang='lat' dir='ltr'><strong>Do-</strong></span> 
     </span>
    </p>
   </div>
   <div class='ocr_carea' id='block_1_18' title="bbox 233 1341 709 1380">
    <p class='ocr_par' dir='ltr' id='par_1_18' title="bbox 233 1341 709 1380">
     <span class='ocr_line' id='line_1_37' title="bbox 233 1341 709 1380; baseline 0.011 -13"><span class='ocrx_word' id='word_1_162' title='bbox 233 1342 343 1368; x_wconf 88' lang='lat' dir='ltr'><strong>minum</strong></span> <span class='ocrx_word' id='word_1_163' title='bbox 363 1343 425 1375; x_wconf 68' lang='lat' dir='ltr'><strong>ete„</strong></span> <span class='ocrx_word' id='word_1_164' title='bbox 446 1342 503 1378; x_wconf 86' lang='lat' dir='ltr'><strong>vgl.</strong></span> <span class='ocrx_word' id='word_1_165' title='bbox 524 1344 556 1370; x_wconf 89' lang='lat' dir='ltr'><strong>in</strong></span> <span class='ocrx_word' id='word_1_166' title='bbox 577 1341 600 1370; x_wconf 87' lang='lat'><strong>1.</strong></span> <span class='ocrx_word' id='word_1_167' title='bbox 622 1344 709 1380; x_wconf 86' lang='lat' dir='ltr'><strong>Vesp.</strong></span> 
     </span>
    </p>
   </div>
   <div class='ocr_carea' id='block_1_19' title="bbox 651 1489 1093 1533">
    <p class='ocr_par' dir='ltr' id='par_1_19' title="bbox 651 1489 1093 1533">
     <span class='ocr_line' id='line_1_38' title="bbox 651 1489 1093 1533; baseline 0.014 -14"><span class='ocrx_word' id='word_1_168' title='bbox 651 1489 682 1519; x_wconf 93' lang='grc'><strong>4.</strong></span> <span class='ocrx_word' id='word_1_169' title='bbox 712 1489 756 1520; x_wconf 82' lang='lat' dir='ltr'><strong>De</strong></span> <span class='ocrx_word' id='word_1_170' title='bbox 775 1492 886 1522; x_wconf 80' lang='lat' dir='ltr'><strong>saneta.</strong></span> <span class='ocrx_word' id='word_1_171' title='bbox 904 1492 1093 1533; x_wconf 78' lang='lat' dir='ltr'><strong>margareta.</strong></span> 
     </span>
    </p>
   </div>
   <div class='ocr_carea' id='block_1_20' title="bbox 356 1592 705 1633">
    <p class='ocr_par' dir='ltr' id='par_1_20' title="bbox 356 1592 705 1633">
     <span class='ocr_line' id='line_1_39' title="bbox 356 1592 705 1633; baseline 0.011 -9"><span class='ocrx_word' id='word_1_172' title='bbox 356 1592 404 1624; x_wconf 88' lang='lat' dir='ltr'><strong>In</strong></span> <span class='ocrx_word' id='word_1_173' title='bbox 433 1592 463 1625; x_wconf 88' lang='lat'><strong>1.</strong></span> <span class='ocrx_word' id='word_1_174' title='bbox 491 1593 705 1633; x_wconf 81' lang='lat' dir='ltr'><strong>VesperiS.</strong></span> 
     </span>
    </p>
   </div>
   <div class='ocr_carea' id='block_1_21' title="bbox 432 1665 624 1701">
    <p class='ocr_par' dir='ltr' id='par_1_21' title="bbox 432 1665 624 1701">
     <span class='ocr_line' id='line_1_40' title="bbox 432 1665 624 1701; baseline 0.016 -10"><span class='ocrx_word' id='word_1_175' title='bbox 432 1665 624 1701; x_wconf 80' lang='lat' dir='ltr'><strong>Antiphonae.</strong></span> 
     </span>
    </p>
   </div>
   <div class='ocr_carea' id='block_1_22' title="bbox 243 1720 762 2094">
    <p class='ocr_par' dir='ltr' id='par_1_22' title="bbox 243 1720 759 1901">
     <span class='ocr_line' id='line_1_41' title="bbox 243 1720 759 1762; baseline 0.016 -12"><span class='ocrx_word' id='word_1_176' title='bbox 243 1722 273 1754; x_wconf 84' lang='lat'><strong>1,</strong></span> <span class='ocrx_word' id='word_1_177' title='bbox 299 1720 417 1752; x_wconf 85' lang='lat' dir='ltr'><strong>Summi</strong></span> <span class='ocrx_word' id='word_1_178' title='bbox 440 1723 522 1762; x_wconf 84' lang='lat' dir='ltr'><strong>regis</strong></span> <span class='ocrx_word' id='word_1_179' title='bbox 547 1724 588 1755; x_wconf 85' lang='lat' dir='ltr'><strong>ad</strong></span> <span class='ocrx_word' id='word_1_180' title='bbox 612 1725 759 1757; x_wconf 84' lang='lat' dir='ltr'><strong>honorem</strong></span> 
     </span>
     <span class='ocr_line' id='line_1_42' title="bbox 343 1767 651 1803; baseline 0.013 -4"><span class='ocrx_word' id='word_1_181' title='bbox 343 1767 495 1800; x_wconf 83' lang='lat' dir='ltr'><strong>Laetetur</strong></span> <span class='ocrx_word' id='word_1_182' title='bbox 519 1771 651 1803; x_wconf 82' lang='lat' dir='ltr'><strong>ecclesia</strong></span> 
     </span>
     <span class='ocr_line' id='line_1_43' title="bbox 301 1813 719 1857; baseline 0.01 -11"><span class='ocrx_word' id='word_1_183' title='bbox 301 1813 496 1847; x_wconf 78' lang='lat' dir='ltr'><strong>celebrando</strong></span> <span class='ocrx_word' id='word_1_184' title='bbox 520 1816 719 1857; x_wconf 79' lang='lat' dir='ltr'><strong>Margaretae</strong></span> 
     </span>
     <span class='ocr_line' id='line_1_44' title="bbox 342 1861 674 1901; baseline 0.018 -9"><span class='ocrx_word' id='word_1_185' title='bbox 342 1861 479 1901; x_wconf 82' lang='lat' dir='ltr'><strong>Virginis</strong></span> <span class='ocrx_word' id='word_1_186' title='bbox 504 1863 674 1899; x_wconf 81' lang='lat' dir='ltr'><strong>sollemnia.</strong></span> 
     </span>
    </p>

    <p class='ocr_par' dir='ltr' id='par_1_23' title="bbox 243 1916 762 2050">
     <span class='ocr_line' id='line_1_45' title="bbox 243 1916 762 1959; baseline 0.01 -10"><span class='ocrx_word' id='word_1_187' title='bbox 243 1919 274 1949; x_wconf 85' lang='lat'><strong>2.</strong></span> <span class='ocrx_word' id='word_1_188' title='bbox 300 1916 386 1955; x_wconf 77' lang='lat' dir='ltr'><strong>Quae</strong></span> <span class='ocrx_word' id='word_1_189' title='bbox 412 1918 450 1949; x_wconf 90' lang='lat' dir='ltr'><strong>de</strong></span> <span class='ocrx_word' id='word_1_190' title='bbox 474 1919 574 1959; x_wconf 79' lang='lat' dir='ltr'><strong>stirpe</strong></span> <span class='ocrx_word' id='word_1_191' title='bbox 597 1925 762 1959; x_wconf 83' lang='lat' dir='ltr'><strong>procreata</strong></span> 
     </span>
     <span class='ocr_line' id='line_1_46' title="bbox 343 1963 708 2008; baseline 0.011 -14"><span class='ocrx_word' id='word_1_192' title='bbox 343 1963 514 1997; x_wconf 79' lang='lat' dir='ltr'><strong>Praeclara.</strong></span> <span class='ocrx_word' id='word_1_193' title='bbox 536 1967 708 2008; x_wconf 84' lang='lat' dir='ltr'><strong>gentilium,</strong></span> 
     </span>
     <span class='ocr_line' id='line_1_47' title="bbox 296 2010 710 2050; baseline 0.014 -10"><span class='ocrx_word' id='word_1_194' title='bbox 296 2010 385 2041; x_wconf 82' lang='lat' dir='ltr'><strong>Vana</strong></span> <span class='ocrx_word' id='word_1_195' title='bbox 410 2012 531 2050; x_wconf 77' lang='lat' dir='ltr'><strong>sprevit</strong></span> <span class='ocrx_word' id='word_1_196' title='bbox 552 2012 617 2045; x_wconf 87' lang='lat' dir='ltr'><strong>fide</strong></span> <span class='ocrx_word' id='word_1_197' title='bbox 640 2016 710 2046; x_wconf 79' lang='lat' dir='ltr'><strong>rata</strong></span> 
     </span>
    </p>

    <p class='ocr_par' dir='ltr' id='par_1_24' title="bbox 339 2056 743 2094">
     <span class='ocr_line' id='line_1_48' title="bbox 339 2056 743 2094; baseline 0.015 -7"><span class='ocrx_word' id='word_1_198' title='bbox 339 2056 440 2088; x_wconf 90' lang='lat' dir='ltr'><strong>Deum</strong></span> <span class='ocrx_word' id='word_1_199' title='bbox 466 2059 571 2090; x_wconf 83' lang='lat' dir='ltr'><strong>colens</strong></span> <span class='ocrx_word' id='word_1_200' title='bbox 596 2061 743 2094; x_wconf 91' lang='lat' dir='ltr'><strong>omnium.</strong></span> 
     </span>
    </p>
   </div>
   <div class='ocr_carea' id='block_1_23' title="bbox 236 2112 763 2292">
    <p class='ocr_par' dir='ltr' id='par_1_25' title="bbox 236 2112 763 2292">
     <span class='ocr_line' id='line_1_49' title="bbox 236 2112 763 2150; baseline 0.009 -5"><span class='ocrx_word' id='word_1_201' title='bbox 236 2113 267 2146; x_wconf 85' lang='lat'><strong>3.</strong></span> <span class='ocrx_word' id='word_1_202' title='bbox 292 2112 369 2144; x_wconf 79' lang='lat' dir='ltr'><strong>Mox</strong></span> <span class='ocrx_word' id='word_1_203' title='bbox 394 2122 433 2145; x_wconf 87' lang='lat' dir='ltr'><strong>ex</strong></span> <span class='ocrx_word' id='word_1_204' title='bbox 457 2115 527 2146; x_wconf 80' lang='lat' dir='ltr'><strong>alvo</strong></span> <span class='ocrx_word' id='word_1_205' title='bbox 551 2117 663 2148; x_wconf 81' lang='lat' dir='ltr'><strong>matris</strong></span> <span class='ocrx_word' id='word_1_206' title='bbox 686 2120 763 2150; x_wconf 83' lang='lat' dir='ltr'><strong>nata</strong></span> 
     </span>
     <span class='ocr_line' id='line_1_50' title="bbox 337 2159 707 2204; baseline 0.014 -14"><span class='ocrx_word' id='word_1_207' title='bbox 337 2159 467 2192; x_wconf 80' lang='lat' dir='ltr'><strong>Nutriei</strong></span> <span class='ocrx_word' id='word_1_208' title='bbox 493 2164 707 2204; x_wconf 79' lang='lat' dir='ltr'><strong>committitur,</strong></span> 
     </span>
     <span class='ocr_line' id='line_1_51' title="bbox 295 2204 651 2242; baseline 0.02 -6"><span class='ocrx_word' id='word_1_209' title='bbox 295 2204 388 2237; x_wconf 86' lang='lat' dir='ltr'><strong>Cuius</strong></span> <span class='ocrx_word' id='word_1_210' title='bbox 410 2208 492 2239; x_wconf 84' lang='lat' dir='ltr'><strong>curis</strong></span> <span class='ocrx_word' id='word_1_211' title='bbox 518 2210 651 2242; x_wconf 83' lang='lat' dir='ltr'><strong>educata</strong></span> 
     </span>
     <span class='ocr_line' id='line_1_52' title="bbox 337 2252 657 2292; baseline 0.028 -9"><span class='ocrx_word' id='word_1_212' title='bbox 337 2252 443 2285; x_wconf 83' lang='lat' dir='ltr'><strong>Matre</strong></span> <span class='ocrx_word' id='word_1_213' title='bbox 469 2255 657 2292; x_wconf 73' lang='lat' dir='ltr'><strong>destituitur.</strong></span> 
     </span>
    </p>
   </div>
   <div class='ocr_carea' id='block_1_24' title="bbox 231 2308 723 2403">
    <p class='ocr_par' dir='ltr' id='par_1_26' title="bbox 231 2308 723 2403">
     <span class='ocr_line' id='line_1_53' title="bbox 231 2308 723 2348; baseline 0.01 -7"><span class='ocrx_word' id='word_1_214' title='bbox 231 2309 264 2341; x_wconf 81' lang='lat'><strong>4.</strong></span> <span class='ocrx_word' id='word_1_215' title='bbox 277 2308 327 2341; x_wconf 88' lang='lat' dir='ltr'><strong>·1n</strong></span> <span class='ocrx_word' id='word_1_216' title='bbox 351 2309 514 2348; x_wconf 81' lang='lat' dir='ltr'><strong>primaeva</strong></span> <span class='ocrx_word' id='word_1_217' title='bbox 535 2313 598 2344; x_wconf 87' lang='lat' dir='ltr'><strong>iam</strong></span> <span class='ocrx_word' id='word_1_218' title='bbox 620 2316 723 2346; x_wconf 77' lang='lat' dir='ltr'><strong>aetate</strong></span> 
     </span>
     <span class='ocr_line' id='line_1_54' title="bbox 334 2356 723 2403; baseline 0.018 -17"><span class='ocrx_word' id='word_1_219' title='bbox 334 2356 468 2389; x_wconf 82' lang='lat' dir='ltr'><strong>Florens</strong></span> <span class='ocrx_word' id='word_1_220' title='bbox 492 2358 593 2392; x_wconf 89' lang='lat' dir='ltr'><strong>Deum</strong></span> <span class='ocrx_word' id='word_1_221' title='bbox 618 2362 723 2403; x_wconf 64' lang='lat' dir='ltr'><strong>coluit,</strong></span> 
     </span>
    </p>
   </div>
   <div class='ocr_carea' id='block_1_25' title="bbox 971 1599 1380 1691">
    <p class='ocr_par' dir='ltr' id='par_1_27' title="bbox 971 1599 1380 1691">
     <span class='ocr_line' id='line_1_55' title="bbox 971 1599 1373 1637; baseline 0.015 -6"><span class='ocrx_word' id='word_1_222' title='bbox 971 1599 1065 1633; x_wconf 86' lang='lat' dir='ltr'><strong>Cuius</strong></span> <span class='ocrx_word' id='word_1_223' title='bbox 1091 1600 1215 1635; x_wconf 85' lang='lat' dir='ltr'><strong>fervens</strong></span> <span class='ocrx_word' id='word_1_224' title='bbox 1240 1605 1373 1637; x_wconf 82' lang='lat' dir='ltr'><strong>caritate</strong></span> 
     </span>
     <span class='ocr_line' id='line_1_56' title="bbox 1018 1647 1380 1691; baseline 0.017 -12"><span class='ocrx_word' id='word_1_225' title='bbox 1018 1647 1108 1680; x_wconf 82' lang='lat' dir='ltr'><strong>Vana</strong></span> <span class='ocrx_word' id='word_1_226' title='bbox 1131 1650 1241 1682; x_wconf 89' lang='lat' dir='ltr'><strong>mundi</strong></span> <span class='ocrx_word' id='word_1_227' title='bbox 1264 1653 1380 1691; x_wconf 81' lang='lat' dir='ltr'><strong>rapuit.</strong></span> 
     </span>
    </p>
   </div>
   <div class='ocr_carea' id='block_1_26' title="bbox 937 1731 1459 1774">
    <p class='ocr_par' dir='ltr' id='par_1_28' title="bbox 937 1731 1459 1774">
     <span class='ocr_line' id='line_1_57' title="bbox 937 1731 1459 1774; baseline 0.017 -11"><span class='ocrx_word' id='word_1_228' title='bbox 937 1757 944 1763; x_wconf 94' lang='lat'>.</span> <span class='ocrx_word' id='word_1_229' title='bbox 970 1731 1108 1764; x_wconf 82' lang='lat' dir='ltr'><strong>Nostrae</strong></span> <span class='ocrx_word' id='word_1_230' title='bbox 1131 1742 1256 1774; x_wconf 90' lang='lat' dir='ltr'><strong>semper</strong></span> <span class='ocrx_word' id='word_1_231' title='bbox 1280 1737 1323 1768; x_wconf 81' lang='lat' dir='ltr'><strong>sit</strong></span> <span class='ocrx_word' id='word_1_232' title='bbox 1347 1739 1459 1771; x_wconf 84' lang='lat' dir='ltr'><strong>salutis</strong></span> 
     </span>
    </p>
   </div>
   <div class='ocr_carea' id='block_1_27' title="bbox 969 1778 1521 1910">
    <p class='ocr_par' dir='ltr' id='par_1_29' title="bbox 969 1778 1521 1910">
     <span class='ocr_line' id='line_1_58' title="bbox 969 1778 1385 1829; baseline 0.019 -20"><span class='ocrx_word' id='word_1_233' title='bbox 969 1778 1153 1819; x_wconf 84' lang='lat' dir='ltr'><strong>Margareta</strong></span> <span class='ocrx_word' id='word_1_234' title='bbox 1173 1781 1385 1829; x_wconf 78' lang='lat' dir='ltr'><strong>informatrix,</strong></span> 
     </span>
     <span class='ocr_line' id='line_1_59' title="bbox 1017 1825 1521 1867; baseline 0.02 -10"><span class='ocrx_word' id='word_1_235' title='bbox 1017 1825 1083 1858; x_wconf 85' lang='lat' dir='ltr'><strong>Nos</strong></span> <span class='ocrx_word' id='word_1_236' title='bbox 1107 1828 1149 1860; x_wconf 83' lang='lat' dir='ltr'><strong>ad</strong></span> <span class='ocrx_word' id='word_1_237' title='bbox 1172 1828 1234 1860; x_wconf 87' lang='lat' dir='ltr'><strong>Dei</strong></span> <span class='ocrx_word' id='word_1_238' title='bbox 1260 1829 1364 1863; x_wconf 85' lang='lat' dir='ltr'><strong>ferens</strong></span> <span class='ocrx_word' id='word_1_239' title='bbox 1395 1833 1521 1867; x_wconf 84' lang='lat' dir='ltr'><strong>laudem</strong></span> 
     </span>
     <span class='ocr_line' id='line_1_60' title="bbox 1016 1873 1385 1910; baseline 0.014 -4"><span class='ocrx_word' id='word_1_240' title='bbox 1016 1873 1063 1906; x_wconf 81' lang='lat' dir='ltr'><strong>Ut</strong></span> <span class='ocrx_word' id='word_1_241' title='bbox 1085 1873 1152 1906; x_wconf 82' lang='lat' dir='ltr'><strong>filia</strong></span> <span class='ocrx_word' id='word_1_242' title='bbox 1175 1875 1385 1910; x_wconf 76' lang='lat' dir='ltr'><strong>Hierusalem.</strong></span> 
     </span>
    </p>
   </div>
   <div class='ocr_carea' id='block_1_28' title="bbox 932 1947 1449 1988">
    <p class='ocr_par' dir='ltr' id='par_1_30' title="bbox 932 1947 1449 1988">
     <span class='ocr_line' id='line_1_61' title="bbox 932 1947 1449 1988; baseline 0.021 -11"><span class='ocrx_word' id='word_1_243' title='bbox 932 1971 937 1977; x_wconf 95' lang='lat'>.</span> <span class='ocrx_word' id='word_1_244' title='bbox 970 1947 1064 1986; x_wconf 88' lang='lat' dir='ltr'><strong>Virgo</strong></span> <span class='ocrx_word' id='word_1_245' title='bbox 1087 1950 1228 1987; x_wconf 88' lang='lat' dir='ltr'><strong>prudens</strong></span> <span class='ocrx_word' id='word_1_246' title='bbox 1253 1954 1286 1982; x_wconf 83' lang='lat' dir='ltr'><strong>et</strong></span> <span class='ocrx_word' id='word_1_247' title='bbox 1309 1951 1449 1988; x_wconf 82' lang='lat' dir='ltr'><strong>formosa</strong></span> 
     </span>
    </p>
   </div>
   <div class='ocr_carea' id='block_1_29' title="bbox 968 1993 1501 2230">
    <p class='ocr_par' dir='ltr' id='par_1_31' title="bbox 968 1993 1300 2040">
     <span class='ocr_line' id='line_1_62' title="bbox 968 1993 1300 2040; baseline 0.021 -17"><span class='ocrx_word' id='word_1_248' title='bbox 968 1993 1098 2025; x_wconf 84' lang='lat' dir='ltr'><strong>Parenti</strong></span> <span class='ocrx_word' id='word_1_249' title='bbox 1121 1994 1159 2026; x_wconf 82' lang='lat' dir='ltr'><strong>fit</strong></span> <span class='ocrx_word' id='word_1_250' title='bbox 1182 1997 1300 2040; x_wconf 84' lang='lat' dir='ltr'><strong>odiosa,</strong></span> 
     </span>
    </p>

    <p class='ocr_par' dir='ltr' id='par_1_32' title="bbox 968 2040 1501 2174">
     <span class='ocr_line' id='line_1_63' title="bbox 1016 2040 1501 2093; baseline 0.027 -23"><span class='ocrx_word' id='word_1_251' title='bbox 1016 2040 1099 2071; x_wconf 90' lang='lat' dir='ltr'><strong>Dum</strong></span> <span class='ocrx_word' id='word_1_252' title='bbox 1125 2042 1185 2074; x_wconf 87' lang='lat' dir='ltr'><strong>diis</strong></span> <span class='ocrx_word' id='word_1_253' title='bbox 1211 2044 1329 2078; x_wconf 82' lang='lat' dir='ltr'><strong>cultum</strong></span> <span class='ocrx_word' id='word_1_254' title='bbox 1356 2047 1501 2093; x_wconf 79' lang='lat' dir='ltr'><strong>deneg-at,</strong></span> 
     </span>
     <span class='ocr_line' id='line_1_64' title="bbox 968 2085 1410 2131; baseline 0.023 -15"><span class='ocrx_word' id='word_1_255' title='bbox 968 2085 1033 2117; x_wconf 86' lang='lat' dir='ltr'><strong>Sed</strong></span> <span class='ocrx_word' id='word_1_256' title='bbox 1056 2096 1115 2126; x_wconf 84' lang='lat' dir='ltr'><strong>per</strong></span> <span class='ocrx_word' id='word_1_257' title='bbox 1137 2087 1233 2121; x_wconf 85' lang='lat' dir='ltr'><strong>fidem</strong></span> <span class='ocrx_word' id='word_1_258' title='bbox 1257 2100 1410 2131; x_wconf 84' lang='lat' dir='ltr'><strong>generosa</strong></span> 
     </span>
     <span class='ocr_line' id='line_1_65' title="bbox 970 2133 1378 2174; baseline 0.02 -9"><span class='ocrx_word' id='word_1_259' title='bbox 970 2133 1096 2165; x_wconf 88' lang='lat' dir='ltr'><strong>Summo</strong></span> <span class='ocrx_word' id='word_1_260' title='bbox 1119 2134 1157 2166; x_wconf 77' lang='lat' dir='ltr'><strong>fit</strong></span> <span class='ocrx_word' id='word_1_261' title='bbox 1181 2137 1283 2169; x_wconf 78' lang='lat' dir='ltr'><strong>electa</strong></span> <span class='ocrx_word' id='word_1_262' title='bbox 1305 2149 1378 2174; x_wconf 72' lang='lat' dir='ltr'><strong>rosa</strong></span> 
     </span>
    </p>

    <p class='ocr_par' dir='ltr' id='par_1_33' title="bbox 1014 2180 1421 2230">
     <span class='ocr_line' id='line_1_66' title="bbox 1014 2180 1421 2230; baseline 0.025 -20"><span class='ocrx_word' id='word_1_263' title='bbox 1014 2180 1112 2219; x_wconf 79' lang='lat' dir='ltr'><strong>Patri,</strong></span> <span class='ocrx_word' id='word_1_264' title='bbox 1138 2191 1230 2221; x_wconf 86' lang='lat' dir='ltr'><strong>quem</strong></span> <span class='ocrx_word' id='word_1_265' title='bbox 1256 2185 1421 2230; x_wconf 79' lang='lat' dir='ltr'><strong>dilexerat,</strong></span> 
     </span>
    </p>
   </div>
   <div class='ocr_carea' id='block_1_30' title="bbox 898 2224 1174 2267">
    <p class='ocr_par' dir='ltr' id='par_1_34' title="bbox 898 2224 1174 2267">
     <span class='ocr_line' id='line_1_67' title="bbox 898 2224 1174 2267; baseline 0.014 -10"><span class='ocrx_word' id='word_1_266' title='bbox 898 2224 936 2258; x_wconf 89' lang='lat' dir='ltr'><strong>V.</strong></span> <span class='ocrx_word' id='word_1_267' title='bbox 968 2225 1072 2258; x_wconf 86' lang='lat' dir='ltr'><strong>Corde</strong></span> <span class='ocrx_word' id='word_1_268' title='bbox 1094 2237 1174 2267; x_wconf 86' lang='lat' dir='ltr'><strong>puro</strong></span> 
     </span>
    </p>
   </div>
   <div class='ocr_carea' id='block_1_31' title="bbox 963 2277 1315 2355">
    <p class='ocr_par' dir='ltr' id='par_1_35' title="bbox 963 2277 1315 2355">
     <span class='ocr_line' id='line_1_68' title="bbox 1012 2277 1315 2315; baseline 0.026 -11"><span class='ocrx_word' id='word_1_269' title='bbox 1012 2277 1178 2315; x_wconf 87' lang='lat' dir='ltr'><strong>menteque</strong></span> <span class='ocrx_word' id='word_1_270' title='bbox 1202 2279 1315 2311; x_wconf 82' lang='lat' dir='ltr'><strong>sedula</strong></span> 
     </span>
     <span class='ocr_line' id='line_1_69' title="bbox 963 2318 1198 2355; baseline 0.021 -5"><span class='ocrx_word' id='word_1_271' title='bbox 963 2318 1066 2351; x_wconf 87' lang='lat' dir='ltr'><strong>Deum</strong></span> <span class='ocrx_word' id='word_1_272' title='bbox 1089 2330 1198 2355; x_wconf 88' lang='lat' dir='ltr'><strong>verum</strong></span> 
     </span>
    </p>
   </div>
   <div class='ocr_carea' id='block_1_32' title="bbox 1011 2368 1295 2409">
    <p class='ocr_par' dir='ltr' id='par_1_36' title="bbox 1011 2368 1295 2409">
     <span class='ocr_line' id='line_1_70' title="bbox 1011 2368 1295 2409; baseline 0.025 -11"><span class='ocrx_word' id='word_1_273' title='bbox 1011 2368 1087 2399; x_wconf 81' lang='lat' dir='ltr'><strong>colit</strong></span> <span class='ocrx_word' id='word_1_274' title='bbox 1109 2371 1295 2409; x_wconf 84' lang='lat' dir='ltr'><strong>orphanula.</strong></span> 
     </span>
    </p>
   </div>
  </div>
 </body>
</html>
