1655 2534
658 110 915 146 —243—

134 241 220 268 Brev.
241 250 294 268 ms.
315 242 525 270 Lemovicense
539 252 613 271 saec.
630 241 673 271 15.
709 243 779 271 cod.
798 244 938 272 Mazarin.
958 241 1015 271 354
1032 240 1116 279 (787).
1137 243 1169 269 B.
1183 257 1222 262 —-
1234 243 1273 269 In
1290 242 1313 269 l.
1327 243 1397 271 Ves

135 276 182 304 ΑΑ
204 287 292 315 super
310 280 358 307 ΡΒ.
380 281 482 307 stehen
501 283 533 308 in
553 279 579 308 2.
599 281 688 317 Vesp.
712 282 743 309 B.
766 298 802 302 -
823 280 844 307 A
867 280 891 315 1,
913 281 929 309 7
952 281 1078 309 Pulchra
1098 281 1131 314 Β,
1151 281 1215 308 vita.
1234 280 1268 307 A.
1287 295 1326 300 —
1346 280 1364 306 A
1381 280 1395 307 1
1419 279 1437 309 8

134 317 232 352 gratia
251 319 364 352 gratiae
384 318 419 345 A.
439 332 476 336 —
503 318 522 344 A
550 317 573 350 1,
597 317 631 345 11
652 327 695 354 sq.
721 318 884 356 Virginalis
910 319 1055 347 munditia
1077 320 1181 345 vernat
1205 319 1238 346 Β.
1265 332 1301 336 -
1333 318 1352 344 Α
1374 316 1399 352 2,
1423 317 1437 345 1

134 354 253 419 Ιζῖῗοῑῇιε
274 355 298 382 Α
318 354 412 420 (ἱεοιιδεὺ
424 356 574 420 ἓεοῃοΐιιε
588 356 733 392 genannt).
744 373 782 377 —
793 357 811 383 A
824 355 851 390 4,
866 355 886 384 4
898 365 1013 393 pugnae
1026 357 1123 393 gravis
1138 357 1170 383 B.
1185 370 1220 374 -
1236 354 1254 381 Β
1268 355 1340 383 fehlt
1353 356 1386 383 B.
1400 371 1439 375 --

135 400 170 419 ι(
232 400 298 428 agn.
340 413 349 427 ,
396 408 425 412 —
466 394 554 421 inB:

416 441 576 476 Martyrem
595 442 738 469 mundans
759 450 777 469 a
795 443 862 470 labe
883 443 957 469 uteri
976 441 1040 477 (lies
1060 440 1164 474 veteri)

419 478 460 505 Et
479 479 618 506 decorans
638 482 673 506 ut
690 480 788 506 aulam
807 481 926 516 regiam.

135 525 202 553 Ibid
242 523 277 552 10
307 525 447 561 angelicis
476 526 510 552 B.
540 540 577 544 —
598 524 671 553 Ibid.
704 524 738 553 11
767 529 797 553 et
824 527 955 554 trabeam
979 527 1097 553 sociam.
1126 526 1158 552 B.
1185 541 1221 545 —
1242 525 1293 552 Ad
1312 526 1436 553 Matut.

134 563 221 590 Iuvit.
244 562 259 590 1
283 563 482 591 collaudemus
503 564 535 591 B.
557 578 593 583 —-
614 564 689 591 Ibid.
710 562 728 591 2
748 564 959 592 Provocantem
985 564 1022 591 ad
1051 562 1165 599 proelia
1188 561 1221 589 B.
1248 577 1287 582 —
1315 564 1389 591 Ibid.
1420 561 1438 591 3

136 603 222 628 ornat
240 601 313 628 fehlt
331 604 364 628 15.
386 615 422 619 —
447 601 489 628 In
510 599 534 628 1.
561 602 610 629 No
620 604 661 628 ct.
695 601 713 627 A
740 601 764 636 1,
787 600 804 628 2
830 602 907 629 Mira
932 601 1096 629 redundans
1123 601 1155 628 B.
1181 615 1220 619 —-
1249 598 1268 626 Β
1298 599 1322 635 1,
1344 599 1362 628 8
1387 602 1438 628 ab-

136 638 235 666 dicens
254 640 288 666 B.
309 655 343 658 —
372 636 392 664 Β
420 637 447 672 2,
474 637 491 666 3
518 639 558 665 Et
584 648 685 666 sensus
712 640 744 667 B.
766 653 802 658 —
830 637 850 665 Β
872 637 897 672 2,
919 637 935 666 9
956 642 1060 666 sonent
1080 639 1114 665 A.
1137 654 1175 657 —
1195 638 1213 664 Β
1233 636 1261 671 3,
1284 636 1302 666 8
1322 638 1438 666 credere

136 677 168 704 13.
190 692 227 696 —
247 676 265 702 Β
286 674 314 710 3,
337 674 353 704 9
374 684 437 712 sqq.
457 677 490 703 in
509 676 548 703 B:

533 724 569 751 V.
593 723 644 752 Sic
662 726 782 751 vocatus
802 724 925 760 virginis
946 732 1033 760 opere

588 762 682 789 Natus
698 763 775 797 regis
790 762 915 797 spondet
934 770 965 789 se
985 761 1109 789 credere.

134 808 176 835 In
198 807 223 835 2.
249 809 350 836 Noct.
379 809 397 834 A
418 807 445 844 2,
465 806 483 836 3
509 808 626 836 Aceries
652 810 735 844 pater
760 807 794 836 B.
823 822 860 827 —-
886 808 905 834 A
932 806 958 842 3,
978 806 992 835 1
1020 808 1087 835 dum
1111 807 1184 834 fehlt
1209 808 1242 834 B.
1268 821 1305 825 —
1334 806 1353 832 A
1373 804 1399 840 3,
1420 805 1438 833 2

136 849 312 873 concurrunt
330 847 460 881 undique
479 848 598 881 agmina
617 846 649 873 B.
671 859 708 864 -—
728 845 746 871 Β
769 844 792 880 1,
813 844 834 873 4
852 854 1045 881 praenoscens
1066 845 1098 872 B.
1119 859 1155 864 —-
1178 843 1198 870 Β
1221 843 1246 877 1,
1268 843 1285 871 5
1314 844 1438 872 Sanetus

135 884 206 911 almi
226 885 259 910 Β.
284 898 319 902 -
340 884 358 909 Β
383 882 405 914 1,
418 882 464 929 ί10
485 886 514 911 et
532 884 578 910 his
601 883 634 910 B.
655 899 692 903 —
714 881 734 908 Β
755 881 781 917 2,
797 881 815 909 2
835 883 988 910 Coloniam
1006 883 1079 910 fehlt
1097 882 1130 908 B.
1153 897 1186 900 —
1209 882 1227 907 Β
1248 880 1274 915 2,
1287 880 1305 908 5
1324 882 1437 909 Iustum

135 919 446 995 zP¹3v²fo1³13.<‚-m;{.3;
464 919 548 986 ta?
558 918 894 986 -3313
914 920 933 983 ,Ξ
953 919 1116 990 ,germ
1128 922 1312 983 fatae
1332 920 1439 990 ..B-176

137 998 226 1024 sentit
247 998 280 1024 B.
301 1012 337 1016 —
359 995 378 1022 Β
400 995 426 1030 2,
443 995 458 1023 1
480 996 603 1023 Sanctus
625 996 704 1022 fama
722 996 755 1023 B.
776 1011 811 1015 -—
834 995 852 1021 Β
873 994 900 1030 2,
914 993 932 1021 2
951 996 1015 1021 vita
1034 994 1213 1021 clarissimus
1226 994 1258 1021 B.
1274 1007 1311 1012 -
1326 991 1346 1019 Β
1361 992 1388 1027 2,
1405 992 1437 1020 11

136 1035 193 1062 Est
210 1035 284 1062 fehlt
302 1035 336 1062 B.
354 1050 392 1054 —
412 1034 430 1060 Β
451 1032 477 1067 2,
500 1031 535 1060 12
556 1033 592 1060 ad
618 1033 714 1060 laudis
734 1034 853 1060 titulum
877 1033 910 1060 B.
937 1047 974 1051 —
1002 1030 1022 1058 Β
1048 1030 1075 1064 3,
1097 1029 1133 1058 10
1157 1030 1292 1058 doctibus
1317 1032 1357 1065 A3
1386 1031 1439 1058 das

137 1080 230 1108 ganze
251 1070 271 1098 Β
291 1073 387 1100 lautet
405 1073 438 1099 in
456 1072 495 1099 B:

478 1119 512 1146 R.
536 1118 573 1145 In
592 1119 726 1153 supernis
745 1118 841 1153 fulget
860 1118 956 1145 choris

575 1155 686 1183 Chorus
708 1164 855 1183 sacrarum
875 1156 1032 1191 virginum,

537 1194 672 1221 Psallens
691 1193 828 1221 laudibus
849 1190 988 1229 [sonoris]

574 1230 755 1266 Laeta(n)tur
776 1233 844 1258 ante
862 1231 1029 1266 Dominum,

540 1269 638 1297 Nullis
659 1277 777 1305 prorsus
799 1271 895 1296 cessat
907 1268 987 1295 horis

575 1307 666 1335 Grata
685 1306 807 1334 dulcedo
830 1307 1006 1341 carminum3

479 1345 515 1372 V.
539 1345 616 1372 Tota
635 1344 712 1372 cedit
730 1344 795 1371 laus
816 1344 935 1371 honoris

573 1382 610 1409 In
631 1383 726 1410 almae
745 1383 847 1409 matris
867 1382 999 1418 gloriam,

537 1420 627 1447 Cuius
646 1422 732 1447 natus
754 1420 804 1446 dat
823 1419 935 1446 decoris

574 1457 671 1485 Sacris
691 1457 798 1493 puellis
818 1458 953 1492 gratiam.

136 1509 177 1535 In
196 1507 308 1535 Laud.
329 1506 348 1532 A
371 1504 396 1541 1,
414 1504 432 1533 2
455 1507 536 1540 Quae
558 1506 617 1533 AB.
646 1519 679 1523 —
705 1504 724 1531 A
747 1503 774 1538 2,
795 1502 813 1532 3
840 1505 923 1538 Quae
942 1504 1083 1531 decorant
1101 1502 1135 1529 A.
1156 1517 1194 1521 --
1219 1500 1238 1526 A
1258 1498 1284 1535 3,
1304 1499 1324 1528 4
1343 1501 1444 1528 Vincit

138 1547 171 1574 B.
192 1560 228 1564 —
250 1546 276 1572 A
299 1542 326 1578 4,
346 1543 367 1572 4
384 1544 462 1580 Ipsis
481 1544 514 1571 B.
535 1559 573 1563 —
599 1543 618 1569 A
638 1541 665 1576 5,
681 1540 700 1570 3
720 1543 778 1576 Qui
796 1543 955 1569 vinxerunt
974 1541 1007 1568 A.
1027 1557 1065 1561 —
1091 1539 1137 1566 Ad
1155 1538 1263 1566 Bened.
1284 1538 1312 1572 A,
1328 1536 1343 1565 1
1364 1541 1442 1565 totus

137 1583 320 1649 {Zss}ie;nA.A·-
345 1582 419 1610 Ibid.
446 1579 464 1609 3
488 1582 597 1609 Laetus
621 1581 695 1608 fehlt
717 1581 751 1608 A.
778 1594 815 1598 -—
840 1580 884 1607 In
908 1577 934 1606 2.
960 1579 1062 1615 Vesp.
1096 1577 1141 1604 Ad
1164 1578 1263 1612 Magn.
1285 1576 1313 1611 A,
1334 1574 1352 1603 2
1374 1585 1437 1619 sqq.

209 203 295 231 BreV.
327 213 380 231 ms.
409 204 439 232 S.
471 205 605 241 Sepulcri
635 214 709 234 saec.
737 204 812 234 ¹4l15.
865 206 933 234 Cod.
959 207 1094 234 Parmen.
1119 205 1217 232 Palat.
1246 203 1309 232 186.
1336 205 1372 233 A.
1400 221 1437 225 --

1398 301 1404 314 7

599 1711 646 1742 89.
677 1711 721 1742 De
740 1710 850 1741 saneta
863 1709 984 1742 Ursule.

276 1802 322 1833 In
349 1801 379 1834 1.
407 1801 626 1841 vesperis.
1009 1797 1054 1824 Ad
1073 1794 1251 1831 Magnificat.

819 1856 859 1889 A.
893 1856 918 1888 Ο
945 1865 1037 1896 quam
1062 1852 1183 1893 felices,

938 1903 1070 1943 proprio
1096 1901 1150 1941 qui
1173 1900 1326 1941 sanguine
1349 1899 1444 1931 tincti

892 1951 1075 1992 Virginibus
1101 1948 1201 1980 sacris

935 1999 1118 2030 meruerunt
1142 1995 1355 2028 adnumerari.

324 1876 418 1912 Super
440 1876 581 1904 Psalmos.

138 1936 178 1968 A.
208 1935 344 1975 Agmina
371 1935 490 1967 caelica
516 1934 593 1966 dant

257 1982 444 2015 iubilamina
469 1982 713 2025 cunctipotenti,

208 2030 394 2071 Virginibus
418 2030 520 2062 saeris

258 2078 312 2118 qui
335 2080 479 2118 praestat
504 2077 620 2118 gaudia
646 2077 735 2111 caeli.

137 2136 175 2170 R.
209 2136 329 2170 Ursula
351 2135 553 2175 perpendens
964 2141 995 2172 A
1006 2140 1026 2172 <1
1051 2138 1307 2171 Matutinum

257 2192 316 2223 pro
343 2182 471 2216 Christo
496 2182 646 2216 dilaniari

210 2231 325 2264 Omnes
351 2230 496 2263 concives
1026 2214 1240 2243 Imutatonum.

258 2278 313 2310 dat
336 2280 442 2318 grates
467 2277 685 2321 omnipotenti,
892 2273 1063 2306 Iubilemus
1085 2271 1236 2303 salvatori
1260 2270 1339 2310 Deo,

140 2327 176 2360 V.
208 2325 367 2366 Sanguine
391 2327 516 2358 sacrato
892 2322 930 2355 In
956 2331 1016 2362 quo
1041 2320 1154 2352 vivunt
1177 2318 1290 2351 beatae

256 2373 446 2414 stagnabant
469 2372 609 2412 undique
635 2372 748 2411 campi.
892 2369 1040 2410 Virgines
1067 2369 1099 2399 et
1117 2370 1285 2407 martyres.

1213 2420 1272 2451 16*
