1655 2534
660 104 709 112 ·-—
755 86 821 122 311
873 108 916 113 -—

219 176 281 206 173.
302 179 478 208 Mauritii
508 188 542 209 ac
572 183 717 210 sociorum
746 185 918 218 martyrum,
951 181 997 210 22.
1027 183 1105 219 Sept.
1131 180 1193 219 [fol.
1225 181 1325 219 101a].
1368 184 1386 210 Α
1405 184 1440 212 ad

141 216 250 251 Magn„
271 217 369 251 Iuvit„
392 216 410 243 R
432 215 450 245 3
469 218 555 246 Noct.
576 217 594 246 2
615 227 666 247 aus
687 220 752 248 dem
773 220 907 249 Officium
926 221 1011 249 Anal-
1031 220 1169 254 XXVHI,
1189 221 1240 249 Nr.
1259 220 1305 248 22.

221 301 283 330 174.
306 303 517 331 Maurorum
537 307 705 340 martyrum,
728 305 762 334 1ο
783 304 826 333 15.
848 307 910 335 Oct.
931 304 992 343 [fol.
1007 305 1044 334 92
1054 304 1092 343 a].
1120 306 1139 333 Α
1163 307 1200 334 ad
1218 307 1324 343 Magn„
1345 309 1442 343 Invit.⁷

143 339 162 365 Β
184 337 203 367 3
222 341 307 368 Noct.
328 339 354 374 3,
377 339 399 367 Α
421 342 458 369 ad
480 342 587 370 Bened.
611 351 663 371 aus
684 344 748 372 dem
769 343 901 372 Officium
920 345 1004 373 Anal.
1025 344 1132 377 XXVI,
1152 345 1203 372 Nr.
1224 341 1267 371 26.

144 425 169 451 A
223 386 260 414 2ο
280 385 325 414 25.
340 388 424 416 Junii
444 386 506 454 [gol.
529 387 627 425 169a],
648 392 780 436 translat:
814 391 876 419 Das
898 389 932 417 R:
952 392 1101 419 Transfert
1112 391 1197 419 Anno
1211 393 1369 428 castigatus
1390 396 1442 421 etc.

171 425 229 452 nal.
250 425 359 459 XXVI,
381 426 410 453 S.
432 426 449 454 7
470 447 477 461 ⁷
499 428 569 455 aber
589 428 634 456 als
655 427 677 455 Α
698 429 876 457 bezeichnet.

143 509 467 576 einerl'fflzqffifitaiiimss
488 513 618 548 episcopi
639 513 802 548 Regiensis,
823 512 869 540 27.
888 514 963 541 Nov.
983 510 1044 548 [fol.
1065 510 1167 549 23612}
1201 513 1347 550 Folgende
1361 514 1443 542 Teile

323 606 357 633 R.
379 606 526 633 Virtutum
547 608 640 641 signis
659 607 845 642 resplendens
866 610 965 643 pastor
984 608 1086 635 herilis

376 643 517 671 Reddidit
532 645 693 672 incolumes
712 644 779 672 fidei
802 645 994 672 medicamine
1012 645 1119 680 plureS,

323 681 359 709 V.
380 681 434 708 Vir
453 682 520 717 pius
541 684 570 709 et
589 684 668 709 mitis
688 683 767 710 rivos
788 683 904 710 stillans
924 683 1041 718 pietatis

417 718 554 756 Undique
577 719 723 747 debilibus
747 720 893 747 mellifluis
914 721 1058 755 precibus.

324 776 358 802 A.
381 775 453 809 Ave,
476 781 592 810 gemma
611 775 801 809 sacerdotum,
822 785 885 811 ave,
906 777 985 804 sidus
1006 784 1133 810 aureum,

380 812 565 840 Hierusalem
584 814 660 840 inter
680 814 758 841 cives
778 813 925 849 refulgens
945 816 979 840 ut
997 814 1107 845 lucifer,

376 849 453 877 Audi
475 858 585 885 preces,
606 850 675 877 audi
695 853 772 884 vota,
793 852 910 886 suscipe
929 853 1085 887 praeconia

375 887 417 914 Et
436 887 582 914 caelorum
601 889 687 915 nobis
708 896 799 924 regna
819 889 919 916 obtine
938 891 1087 924 perpetua.

326 945 360 972 A.
382 944 476 972 Stella
494 944 608 980 fulgens
629 946 773 971 matutina
792 945 868 971 inter
888 945 962 971 caeli
981 944 1101 977 lumina,

377 982 448 1010 Veri
468 981 540 1009 solis
561 981 716 1015 illustrata,
738 990 754 1008 ο
774 982 911 1014 Maxime,
931 982 1034 1017 gloria,

380 1019 552 1048 Residentes
573 1020 674 1046 mortis
694 1020 798 1046 umbra
816 1019 898 1046 Adae
919 1019 1007 1054 culpa
1025 1019 1115 1046 visita.

377 1058 490 1085 Lumen
511 1058 553 1085 eis
573 1057 755 1092 impetrando
776 1058 807 1083 et
823 1057 905 1092 pacis
925 1056 1062 1084 remedia.

223 1142 286 1171 176.
308 1142 523 1171 Mechtildis
550 1144 683 1178 virginis,
711 1142 787 1170 ohne
810 1142 920 1170 Datum
947 1139 1008 1178 [fol.
1034 1141 1088 1169 221
1098 1139 1143 1179 a];
1171 1144 1235 1170 eine
1256 1143 1289 1170 A:
1311 1142 1447 1172 Gloriosa

143 1184 202 1209 iam
223 1190 274 1217 per
295 1182 392 1209 orbem
412 1183 465 1208 etc.
487 1180 618 1207 entlehut
637 1189 690 1208 aus
709 1180 794 1208 Anal.
814 1180 920 1213 XVIII,
940 1180 991 1208 Nr.
1013 1177 1059 1208 57.

224 1265 286 1294 177.
306 1265 513 1301 Meinulphi
526 1285 533 1299 ,
562 1265 679 1292 diaconi
702 1267 732 1292 et
752 1264 944 1298 confessoris,
975 1262 1008 1291 10
1028 1263 1055 1292 5.
1076 1264 1138 1292 Oct.
1159 1262 1220 1300 [fol.
1245 1263 1344 1301 102³}
1384 1266 1445 1294 Aus

145 1306 239 1333 einem
259 1305 431 1332 verlorenen
451 1301 598 1331 Officium:

475 1358 511 1386 R.
529 1359 648 1394 Magnis
668 1358 871 1394 Meinulphum
892 1358 1060 1386 attollamus
1079 1358 1216 1385 laudibus

531 1398 689 1424 Pravitatis
710 1399 828 1424 nostrae
846 1397 977 1432 purgatis
998 1396 1153 1428 erroribus,

531 1435 574 1462 Ut
592 1435 625 1462 in
644 1435 764 1462 auribus
785 1434 954 1462 caelestium

533 1473 642 1500 Gratae
661 1473 721 1499 sint
739 1480 826 1500 voces
845 1471 1040 1507 psallentium.

475 1510 509 1538 V.
530 1511 598 1538 Non
617 1513 663 1538 est
682 1511 816 1545 speciosa
833 1510 898 1537 laus
918 1511 950 1537 in
971 1517 1021 1536 ore
1039 1511 1233 1544 peccatorum.

612 1588 687 1615 Item
707 1585 838 1614 Alleluia
855 1585 974 1613 Missae.

534 1634 689 1663 Confessor
708 1635 835 1670 pretiose
855 1632 1034 1668 Meinulphe‚

531 1673 671 1700 Precibus
692 1673 750 1699 tuis
771 1672 857 1699 nobis
876 1670 1036 1705 suffragare

532 1711 574 1738 Et
593 1719 644 1745 pro
666 1712 717 1738 tuo
738 1717 826 1746 grege
844 1710 941 1736 Deum
962 1708 1125 1744 deprecare.

684 1783 731 1812 Ex
750 1784 911 1819 sequentia.

532 1832 620 1860 Hunc
638 1833 795 1868 patronum
813 1839 992 1864 veneremur,

533 1870 622 1898 Dulci
642 1878 715 1898 voce
733 1869 915 1897 modulemur

568 1908 606 1936 In
625 1909 687 1936 eius
710 1908 882 1942 sollemniis,

533 1947 622 1982 Apud
639 1946 787 1974 Christum
807 1946 1000 1980 sublevemur,

534 1986 580 2014 Ne
599 1985 776 2018 damnemur,
796 1986 830 2012 ut
848 1991 999 2018 meremur,

570 2023 668 2059 Ipsius
688 2022 845 2058 suffragiis.

222 2101 258 2129 2Ω
279 2099 325 2130 26.
352 2101 431 2138 Sept.
452 2097 514 2137 [fol.
536 2097 637 2137 197b].
675 2099 750 2127 Hier
769 2098 842 2126 wird
862 2097 938 2125 noch
957 2096 1009 2124 das
1028 2096 1162 2132 folgende
1183 2093 1204 2121 R
1224 2095 1438 2132 nachgetragen

561 2157 596 2185 R.
615 2157 703 2185 Petra
726 2157 819 2183 scissa
837 2155 1018 2182 monumenti

611 2195 702 2230 Signo
724 2194 809 2221 doces:
825 2192 953 2220 evidenti

613 2234 659 2261 De
679 2231 813 2268 sepulcro
835 2229 1050 2258 transferendas

615 2271 752 2306 Corporis
772 2268 912 2306 reliquias

612 2310 649 2337 In
669 2310 835 2336 sanctorum
855 2306 1036 2334 consortium

611 2348 648 2375 In
668 2347 792 2383 salutem
813 2345 951 2374 omnium.
