1655 2534
642 106 876 140 ...21-

307 200 352 227 Αᾶ
371 199 549 236 Magnificat.

181 256 206 288 Ο
232 256 324 288 iubar
345 257 505 296 ecclesiae,

228 304 300 336 Lux
324 312 435 336 serena
459 305 626 345 virginum,

181 350 286 382 Decus
311 350 508 394 Antiochiae,

228 397 374 429 Lucerna
398 397 571 441 gentilium,

181 444 340 477 Vexillum
365 445 528 485 victoriae,

230 490 384 523 Columna
408 491 570 535 debilium,

181 537 295 570 Funde
319 547 430 577 preces
455 539 551 571 hodie

228 585 292 617 Pro
316 585 408 618 nobis
432 586 474 618 ad
498 586 677 619 Dominum.

245 679 308 710 Ad
332 679 595 713 Matutinum.

314 753 531 781 Invitatorium.

181 809 235 841 Ad
259 809 365 841 lumen
389 811 474 842 vitae

229 857 333 888 cuncti
357 857 517 897 vigilando
543 857 656 900 venite,

181 903 323 944 Virginis
349 906 384 935 ut
406 903 488 936 festo

228 949 380 983 iubiletur
402 951 505 992 gloria
530 950 664 983 Christo.

248 1045 294 1077 In
321 1044 350 1076 1.
377 1044 607 1078 Nocturno.

324 1118 520 1153 Antiphonae.

127 1174 158 1207 1.
183 1174 315 1207 Festum
339 1184 475 1215 sponsae
499 1184 677 1215 generosae,

230 1221 364 1254 Festum
385 1223 513 1262 plenum
538 1223 652 1263 gaudio

182 1268 328 1309 Sponsae
350 1269 471 1301 Christi
496 1270 659 1309 speciosae

232 1316 359 1348 Summo
386 1317 492 1349 colant
516 1317 633 1349 studio.

123 1373 154 1404 2.
180 1372 271 1404 Haec
293 1372 327 1404 in
352 1373 442 1404 annis
467 1380 598 1412 regnum
626 1373 736 1405 mundi

230 1420 392 1460 Spernens
416 1419 593 1459 puerilibus

182 1466 257 1499 Non
280 1466 414 1498 timebat
437 1466 540 1499 saevis
565 1467 657 1500 tundi

227 1514 290 1546 Pro
316 1514 443 1546 Christo
467 1513 663 1548 verberibus,

120 1570 151 1603 3.
177 1569 272 1602 Hanc
296 1570 336 1602 ob
361 1570 476 1602 miram
503 1570 648 1611 diligenti

227 1618 312 1651 Cura
333 1618 602 1657 pulchritudinem

180 1664 297 1696 Nutrix
323 1668 440 1704 servat,
468 1665 542 1696 dum
567 1665 710 1697 orbatam

225 1712 333 1744 Matre
359 1713 460 1744 cernit
483 1712 648 1753 virginem,

314 1786 393 1822 Resp
398 1787 527 1815 onsoria.

120 1842 151 1874 1.
178 1843 398 1883 Tyrannorum

221 1889 403 1931 praefectus
426 1891 553 1932 impius,

175 1938 300 1971 Nomen
326 1938 447 1971 Christi

222 1985 353 2018 studens
379 1986 529 2028 Olybrius

170 2033 289 2066 Delere
314 2034 417 2076 citius,

221 2081 308 2113 venit
332 2082 372 2114 ab
398 2082 478 2115 Asia

173 2128 388 2170 Antiochiam,

218 2175 346 2209 fervens
370 2175 511 2219 invidiaz,

103 2223 142 2255 V.
172 2224 286 2257 Vicina
309 2224 467 2256 transiens

222 2280 282 2312 per
306 2271 379 2303 loca
402 2271 559 2312 virginem

173 2319 360 2354 Pascentem
387 2319 542 2360 conspicit

219 2375 293 2400 oves
317 2366 548 2407 praenobilem.

804 203 835 235 2.
861 202 1062 242 Margaretae
1087 203 1315 242 contemplatus

907 248 1022 281 Miram
1047 250 1326 288 pulchritudinem,

859 295 938 327 Mox
962 295 1103 328 ardescit
1125 295 1312 336 profanatus

906 342 944 374 In
968 342 1054 374 illius
1078 344 1225 383 speciem,

862 389 977 421 Servos
1001 389 1100 421 mittit
1127 392 1159 421 ct
1181 392 1331 429 precatur

909 436 1023 468 Verbis
1047 435 1173 469 blandis
1194 436 1366 477 virginem3

792 484 829 517 V.
860 482 1022 514 Promittit
1045 484 1144 526 varia,

909 530 967 562 sed
992 531 1023 561 et
1047 530 1214 562 amabilem

863 576 931 609 Sibi
956 576 1144 617 coniungere

909 624 1046 663 spondet
1068 623 1102 655 in
1127 624 1299 663 coniugem.

806 682 836 713 3.
862 679 1043 712 Contemnit
1064 679 1196 720 impium

909 727 1018 766 puella
1040 728 1160 769 tenera,

863 773 932 805 Nec
956 773 1096 805 mulcent
1118 774 1216 813 mitia,

909 829 969 851 nec
992 822 1115 852 terrent
1139 828 1263 860 aspera,

863 866 1043 898 Constantis
1069 867 1165 898 animi

910 922 982 944 nam
1006 914 1091 944 inter
1114 913 1247 945 verbera

862 959 1024 992 Dilectum
1049 959 1181 999 baiulat‚

910 1015 1002 1046 quem
1027 1006 1135 1038 colunt
1158 1005 1306 1045 aethera3

794 1053 830 1087 V.
859 1052 942 1084 Fide
966 1053 1058 1085 firma

910 1102 1034 1139 perstat
1057 1099 1236 1142 immobilis,

861 1146 1019 1179 Deridens
1043 1147 1145 1179 minas

912 1193 1037 1226 scelesti
1061 1193 1187 1228 iudicis.

923 1325 968 1357 In
1001 1327 1032 1358 2.
1059 1324 1284 1358 Nocturno.

1010 1398 1205 1434 Antiphonae.

805 1456 836 1490 1.
862 1455 945 1488 Oves
968 1464 1102 1496 pascens
1129 1465 1198 1488 cum
1221 1456 1337 1494 puellis

910 1502 1052 1535 Nutricis
1076 1502 1272 1545 virguncula,

862 1549 915 1581 Sic
937 1550 1066 1583 honoris
1092 1552 1123 1581 et
1149 1549 1272 1582 decoris

908 1597 1058 1630 Declinat
1080 1597 1234 1637 pericula.

805 1655 835 1687 2.
863 1653 986 1693 Sponsa
1010 1663 1126 1693 sponso
1154 1654 1299 1694 copulata

909 1701 1022 1734 Cordis
1049 1701 1207 1734 desiderio

860 1748 982 1781 sociari
1006 1748 1068 1781 sibi
1092 1749 1199 1789 gliscit

908 1796 1058 1837 Corporis
1082 1795 1247 1837 martyrio.

802 1855 834 1887 3.
859 1853 951 1885 Metu
974 1861 1096 1893 poenae
1118 1862 1182 1885 non
1207 1855 1357 1892 gravatur

905 1893 1106 1941 Pugnatricis
1129 1900 1261 1940 animus,

859 1947 928 1980 Nec
950 1957 970 1980 a
993 1948 1062 1980 Deo
1087 1950 1256 1988 separatur

904 1995 998 2028 Mens
1022 1995 1101 2027 trita
1126 1993 1298 2027 doloribus

990 2070 1199 2105 Responsoria.

801 2128 832 2163 1.
859 2128 884 2160 Ο
910 2127 1098 2167 mirandum,
1125 2125 1377 2167 praedicandum

904 2175 1055 2207 Divinum
1080 2175 1254 2213 consilium,

858 2222 895 2254 In
920 2223 1029 2261 puella
1052 2230 1134 2255 nova
1158 2222 1244 2254 bella

903 2269 974 2301 Rex
999 2271 1128 2301 exercet
1151 2269 1299 2312 omnium,

858 2316 944 2356 Quae
968 2319 1137 2357 tyrannum
1161 2316 1247 2350 infra
1272 2326 1387 2350 annum

905 2364 992 2398 Vicit
1015 2364 1157 2405 quintum
1183 2365 1358 2409 decimum3
