1655 2534
710 150 966 185 -286—

267 245 312 274 26.
333 245 546 283 Augustini,
568 245 696 281 episcopi
711 244 936 279 Cantuariensis‚
957 244 1138 277 confessoris,
1160 242 1205 271 26.
1223 243 1298 271 Maii
1318 240 1379 279 [fol.
1393 240 1430 270 83
1439 239 1479 277 a].

194 283 339 318 Folgende
360 281 391 318 Α,
412 284 458 310 die
478 283 541 311 dem
562 283 693 310 Officium
713 282 796 309 Anal-
817 282 898 312 xm,
920 282 969 309 Nr.
992 280 1027 308 17
1049 281 1140 309 fremd
1159 283 1213 309 ist:

461 339 619 376 Anglorum
639 340 748 374 primas
770 340 799 365 et
818 337 992 374 pontificalis
1012 338 1157 372 honestas,

460 377 620 413 Augustine
640 378 730 412 pater,
751 378 863 403 meritis
883 384 936 403 nos
955 378 1075 412 protege
1096 384 1217 412 semper,

461 415 503 442 Ne
523 414 622 442 laedat
639 414 768 447 zabulus,
790 414 934 441 commisit
952 422 1026 449 quos
1046 415 1102 442 tibi
1122 413 1265 442 Christus.

273 487 317 516 27.
338 488 478 516 Aureae
502 489 640 524 virginis,
666 488 844 521 abbatissae,
864 486 891 515 4.
913 486 975 514 Oct.
996 485 1057 523 [fol.
1078 484 1159 524 76b].
1201 487 1279 515 Zwei
1299 483 1357 519 ΑΑ,
1378 487 1433 513 wie
1454 493 1484 512 es

195 526 314 560 scheint,
336 534 387 554 aus
408 528 501 553 einem
521 525 667 554 Officium:

196 592 231 618 A.
252 591 335 620 Sicut
353 592 431 619 bona
448 592 607 628 margarita
863 591 896 618 A.
917 591 1009 618 Beata
1027 593 1109 627 virgo
1131 591 1236 622 Aurea,

290 629 440 656 decoratur
454 629 562 661 laurea,
958 628 1084 663 Fulgens
1105 629 1136 655 in
1156 628 1243 655 choro
1263 628 1420 662 virginum,

253 666 302 694 Sic
321 667 465 702 virginum
483 666 574 702 fulget
594 666 698 693 chorus
923 667 1044 701 Compta
1065 666 1184 693 caelesti
1204 665 1312 698 laurea,

290 706 319 731 et
338 706 456 731 ornatur
476 705 579 731 Aurea.
959 704 1015 731 Pro
1035 704 1120 731 nobis
1141 712 1193 731 ora
1214 703 1378 730 Dominum.

270 776 314 806 28.
336 778 516 812 Autberti‚
537 779 666 814 episcopi
681 778 898 807 Cameracensis
918 782 948 807 et
966 779 1148 812 confessoris,
1172 776 1214 806 13.
1230 779 1299 806 Dec.
1321 775 1382 812 [fol.
1397 773 1481 811 58b].

193 816 289 849 Invit„
310 814 331 841 Α
354 816 413 843 und
439 814 468 841 R.
507 816 569 843 Nur
589 816 640 843 das
659 816 745 843 Iuvit.
773 818 812 843 ist
830 818 862 844 in
880 818 1040 851 gereimten
1059 817 1255 844 Hexametern
1275 815 1431 850 abgefasst,

198 853 256 879 und
277 852 298 879 Α
319 853 476 888 prosaisch‚
499 855 554 880 wie
568 853 619 881 das
632 862 724 889 ganze
738 852 878 881 Officium.
913 854 999 881 Dann
1012 854 1086 889 folgt
1098 854 1154 881 Str.
1172 853 1186 881 1
1202 861 1254 880 aus
1268 854 1331 880 dem
1346 853 1480 887 Hymnus

199 891 337 919 Autberte
357 890 472 924 praesul
490 891 591 918 inclite
613 890 707 924 (Anal.
728 891 794 923 XII,
814 892 864 918 Nr.
889 889 964 925 151);
987 891 1116 918 endiich:

253 956 322 989 Ave,
343 956 473 989 pontifex
492 956 638 989 Autberte,
923 957 979 984 Per
1000 959 1029 983 te
1049 957 1146 993 gratia
1165 957 1268 984 divina

256 994 345 1021 Cuius
364 995 487 1020 virtutes
507 996 640 1028 expertae
921 994 1029 1029 Lapsis
1049 994 1160 1021 confert
1179 994 1333 1025 levamina,

284 1029 426 1058 Renident
445 1032 474 1056 et
492 1030 642 1063 solamina,
958 1032 1106 1066 Rogamus
1126 1034 1233 1063 sancte,
1254 1032 1336 1066 pater
1356 1033 1393 1064 te,

254 1068 334 1101 Quae
353 1066 426 1094 fiunt
443 1067 504 1094 illis
526 1070 650 1102 apertae,
921 1068 976 1095 Fer
996 1076 1087 1102 opem,
1109 1068 1146 1095 da
1165 1069 1331 1103 precamina

253 1105 309 1138 Qui
328 1105 413 1139 pulsu
432 1103 498 1131 fidei
518 1106 614 1131 certae
919 1106 976 1132 Pro
996 1107 1081 1133 nobis
1102 1108 1131 1132 ct
1150 1106 1321 1139 gravamina

290 1142 354 1168 Tua
373 1144 515 1178 quaerunt
536 1143 693 1169 iuvamina.
957 1143 1062 1170 Ptoou]
1082 1151 1100 1169 a
1119 1144 1203 1170 nobis
1224 1145 1329 1169 averte.

417 1197 451 1223 V.
473 1198 580 1225 Christi
599 1197 745 1225 confessor
766 1198 871 1231 caelos,
892 1197 1040 1231 Autherte,
1061 1198 1209 1231 decorans,

473 1234 520 1261 Sis
539 1235 713 1262 intercessor
731 1243 783 1270 pro
804 1235 889 1262 nobis
909 1236 1018 1271 iugiter
1038 1243 1133 1263 orans.

196 1289 239 1316 Ob
261 1289 322 1316 dies
342 1288 432 1317 Stiick
452 1290 499 1317 eiu
520 1287 549 1323 R,
570 1292 617 1317 ein
633 1291 746 1326 Tropus
767 1290 835 1318 oder
856 1293 932 1319 etwa
952 1293 1001 1318 ein
1019 1291 1200 1327 Reimgebet‚
1220 1290 1313 1319 bleibt
1333 1290 1486 1327 ungewifs.

268 1371 312 1400 29.
332 1374 425 1401 Barb
435 1381 530 1409 arae,
551 1375 674 1410 virginis
687 1383 722 1402 ae
736 1376 877 1410 martyris,
891 1373 917 1401 4.
934 1376 1003 1403 Dec.
1018 1372 1078 1412 [fol.
1094 1373 1130 1402 92
1137 1374 1176 1411 b].
1209 1375 1310 1403 1nvit.:
1324 1376 1485 1403 Adoremus

195 1418 291 1444 regem
310 1419 417 1446 regum,
439 1411 521 1438 Anal-
545 1412 635 1444 XXV,
658 1409 688 1438 S.
711 1410 772 1439 120.
807 1414 895 1440 Danu
914 1413 1011 1449 folgen
1031 1414 1101 1440 zwei
1126 1411 1172 1440 ΑΑ
1192 1413 1395 1441 unbekannter
1410 1413 1484 1441 Her-

195 1446 285 1480 kunft,
306 1456 364 1475 von
381 1449 472 1476 denen
492 1449 539 1477 die
558 1451 659 1477 zweito
682 1450 726 1477 ais
747 1447 769 1476 Α
791 1450 828 1477 ad
847 1450 944 1485 Magn.
967 1451 1132 1478 bezeichns‘t
1151 1452 1204 1478 ist:

442 1514 476 1541 A.
497 1515 585 1548 Laus,
605 1515 705 1549 honor,
729 1516 900 1548 benedictio,

500 1552 595 1586 Salus,
616 1552 776 1588 gratiarum
795 1554 870 1580 actio

501 1589 547 1616 Sit
564 1598 642 1617 nunc
664 1592 751 1625 atque
770 1593 908 1626 perpetuo

499 1627 632 1654 Glorioso
652 1627 709 1654 Dei
728 1626 798 1661 filio,

501 1663 558 1696 Qui
579 1664 723 1691 Barbarae
743 1664 798 1691 hoc
818 1666 975 1692 certamine

497 1701 593 1736 Digne
613 1710 664 1737 pro
684 1702 786 1729 merito

503 1738 538 1765 In
558 1741 604 1766 sui
624 1738 697 1766 caeli
717 1739 826 1774 palatio

501 1775 628 1803 Caelesti
648 1777 799 1804 coronavit
818 1777 929 1805 bravio.

444 1840 476 1867 A.
497 1841 596 1877 Virgo,
618 1842 699 1869 euius
720 1850 824 1877 magna
848 1843 972 1877 devotio,

501 1878 588 1906 Cuius
610 1880 669 1906 oris
689 1881 766 1906 iusta
785 1881 925 1909 confessio

499 1916 666 1943 Testificata
686 1919 715 1944 et
734 1918 843 1953 scripta
862 1920 907 1945 est
926 1921 1067 1955 sanguine
1087 1922 1213 1956 proprio,

501 1953 639 1981 Obtineas
658 1955 743 1982 nobis
764 1963 782 1981 a
800 1956 856 1982 Dei
875 1955 945 1989 filio⁷

498 1991 540 2018 Ut
557 1992 642 2018 nobis
662 1993 805 2020 tribuatur
824 1996 1006 2027 peccatorum
1027 1996 1168 2028 remissio,

498 2028 538 2054 Et
556 2027 637 2055 finito
659 2030 819 2063 praesentis
839 2030 925 2058 hujus
946 2029 1048 2068 [vitae]
1070 2033 1174 2060 exsilio

499 2065 593 2093 Nobis
613 2066 752 2093 concedat
770 2067 801 2094 in
821 2067 894 2094 caeli
915 2069 989 2096 solio

499 2104 605 2130 Tecum
625 2107 790 2131 sanctorum
810 2106 893 2132 beato
913 2107 971 2133 frui
992 2108 1147 2135 consortio.

196 2157 321 2185 Hierauf
337 2155 359 2183 Α
383 2158 419 2185 ad
438 2159 553 2195 Magn:
574 2160 598 2187 O
619 2160 741 2195 pulchra
761 2162 949 2197 praecipuum
969 2165 1021 2189 etc.
1043 2164 1130 2191 Anal.
1150 2164 1260 2199 XVIH,
1281 2164 1310 2191 S.
1331 2162 1377 2192 31.

271 2230 315 2260 5³10.
335 2233 612 2262 Bartholomaei
633 2235 766 2269 apostoli,
790 2234 823 2262 1⁰
843 2233 888 2262 24.
907 2236 982 2271 Aug.
1002 2233 1063 2272 [fol.
1084 2235 1168 2274 99b].
1203 2236 1225 2264 Α
1248 2238 1262 2266 1
1283 2239 1343 2266 und
1364 2238 1384 2266 R
1402 2239 1417 2267 1
1433 2249 1486 2270 aus

196 2269 245 2296 der
261 2269 285 2297 1.
297 2270 380 2298 Noct.
402 2271 451 2298 des
468 2271 616 2300 Officiums
633 2272 717 2300 Anal.
734 2273 768 2303 V,
789 2272 838 2301 Nr.
851 2271 901 2307 503
922 2274 1137 2310 nachgetragen
1157 2277 1228 2303 zwei
1247 2278 1417 2313 prosaische
1430 2277 1488 2307 ΑΑ.

290 2314 324 2342 2³
349 2318 381 2344 in
401 2319 527 2345 crastino
547 2320 753 2355 conceptionis,
774 2316 837 2354 [fol.
858 2316 960 2356 234b],
982 2321 1112 2349 translat.
1145 2323 1222 2350 Eine
1242 2322 1264 2349 Α
1286 2323 1489 2353 unbekannter

198 2353 358 2381 Herkunft:
373 2355 448 2382 Audi
469 2364 616 2384 servorum
637 2357 761 2384 clemens
782 2359 832 2392 pia
849 2359 919 2385 vota
931 2361 1046 2386 tuorum
1061 2362 1124 2395 etc„
1145 2360 1192 2388 die
1205 2360 1270 2389 dem
1284 2369 1490 2400 angezogenen

196 2391 329 2419 Officium
348 2392 437 2420 fremd
456 2394 502 2421 ist.
