1655 2534
240 210 279 242 V.
309 209 390 241 Tota
413 213 518 242 mente

358 256 501 289 Christus
526 258 678 298 diligitur,

309 304 358 334 Ac
382 313 441 343 pro
466 304 589 337 Christo

357 359 469 390 corpus
494 349 656 391 affligitur.

368 481 413 512 In
440 483 470 515 2.
495 481 723 514 Nocturno.

443 555 637 590 Antiphonae.

249 609 279 641 1.
305 609 395 648 Aper
417 609 505 642 ferus
530 611 646 643 feriens

350 654 455 695 fruges
478 656 581 689 fausto
607 659 700 689 dente

305 701 446 733 Vertitur
468 704 501 734 in
526 704 664 743 lapidem

348 748 408 779 hoc
432 752 540 781 sancto
564 750 702 783 iubente.

243 806 272 836 2.
300 804 448 837 Precibus
473 806 617 838 Mauritii

344 851 430 885 latex
455 852 614 884 oboedivit

297 897 340 928 Et
364 898 403 928 de
426 900 541 930 montis
565 899 685 931 vertice

341 944 457 975 saliens
482 946 589 978 exivit.

241 1000 271 1031 3.
298 998 353 1029 Nil
379 1000 467 1031 dedit
490 1002 666 1041 superbiae,

343 1046 400 1077 sed
422 1046 455 1077 in
481 1048 613 1079 caritate

295 1091 339 1122 Et
360 1092 393 1123 in
419 1101 493 1124 vera
516 1094 641 1126 vixerat

342 1147 465 1178 semper
488 1142 663 1175 sanctitate.

430 1213 634 1248 Responsoria,

235 1269 266 1300 1.
291 1268 422 1300 Patroni

341 1314 425 1347 fama
449 1317 622 1350 clarissima

294 1361 406 1393 Procul
432 1363 527 1404 volat,

339 1410 433 1448 atque
459 1410 616 1443 catholica

291 1453 384 1485 Plebs
410 1456 508 1486 currit

335 1501 440 1532 visura
464 1503 624 1543 miracula,

290 1545 405 1578 Sancta
428 1548 563 1580 laetetur

336 1596 437 1625 mater
461 1596 594 1627 ecclesia

289 1639 338 1671 De
359 1641 437 1671 tanti

334 1687 435 1726 patris
461 1688 636 1730 clementia,

218 1733 256 1764 V.
287 1731 345 1769 Qui
367 1733 457 1764 nobis
484 1735 546 1766 dux

335 1779 377 1809 sit
401 1782 433 1810 et
454 1781 583 1813 lucerna

286 1824 353 1857 Nos
377 1826 431 1866 pie
455 1827 571 1860 ducens

333 1872 375 1903 ad
398 1874 513 1912 gaudia
537 1876 737 1915 sempiterna.

228 1930 258 1961 2.
284 1927 381 1959 Livor
405 1928 506 1960 latens

333 1975 446 2007 crescit
467 1976 501 2007 in
525 1978 641 2022 odium,

283 2021 395 2053 Zelant
416 2020 531 2054 fratres

330 2066 437 2100 fratris
463 2070 629 2112 excidium,

282 2114 344 2146 Per
369 2114 537 2148 Columbae

327 2163 428 2193 sancti
452 2164 613 2196 consilium

281 2206 387 2239 Gratis
412 2212 544 2250 sumpsit

326 2258 451 2289 sanctus
475 2259 631 2299 exsilium

209 2301 248 2332 V.
276 2301 399 2342 Ratem,
425 2312 527 2336 remos

326 2351 358 2379 et
380 2351 597 2391 remigantium

958 135 1005 144 -—·-

984 211 1132 252 Sumptus
1158 213 1290 256 quaerit,

1031 268 1121 291 mora,
1143 258 1180 291 fit
1204 261 1355 293 taedium.

925 317 956 349 3.
983 315 1121 355 Campus
1146 317 1208 348 coli

1028 363 1129 394 cultro
1153 364 1362 404 praecipitur,

977 408 1021 439 Et
1045 418 1142 441 arena

1026 464 1085 495 per
1108 457 1211 489 sulcos
1236 458 1362 497 seritur,

980 501 1103 533 Crescit
1126 503 1266 544 bladum,

1023 549 1134 580 messis
1159 550 1327 590 colligitur,

977 594 1047 626 Hoc
1069 596 1104 626 in
1128 595 1193 627 fide

1025 642 1142 675 Christi
1165 642 1347 682 perficitur3

906 688 943 721 V.
973 688 1129 720 Adiuvari

1021 738 1136 767 natura
1160 737 1281 780 nititur,

974 781 1065 820 Quod
1087 783 1121 814 in
1145 792 1278 823 granum

1019 837 1117 860 arena
1140 830 1286 865 vertitur.

1027 960 1075 991 In
1101 961 1132 992 3.
1159 960 1388 995 Nocturno.

1111 1033 1309 1069 Antiphonae.

911 1089 941 1123 1.
967 1088 1012 1120 Ut
1037 1090 1154 1122 Paulus
1178 1091 1211 1121 in
1236 1093 1349 1131 pelago

1013 1135 1185 1177 naufragus
1210 1139 1345 1176 iacebat,

966 1181 1030 1213 Sub
1056 1184 1142 1215 unda
1166 1184 1212 1215 sic
1236 1185 1387 1217 innocens

1012 1229 1101 1261 vivus
1125 1232 1319 1265 remanebat.

907 1286 939 1318 2.
965 1284 1081 1325 Genus,
1106 1289 1240 1326 gentem,
1265 1288 1403 1327 patriam

1013 1331 1096 1372 fugit
1120 1336 1152 1365 et
1174 1334 1321 1372 honores,

966 1379 1012 1410 Ut
1035 1379 1146 1410 salutis
1172 1383 1338 1419 quaereret

1012 1423 1119 1464 fruges
1143 1427 1301 1461 meliores¹

907 1482 939 1513 3.
967 1479 1114 1513 Sanctum
1141 1483 1244 1514 virum

1010 1528 1110 1567 gignit
1132 1529 1297 1571 Hibernia,

960 1573 1121 1606 Educavit

1008 1621 1098 1652 illum
1122 1622 1270 1665 Albania,

960 1666 1057 1699 Cuius
1084 1677 1197 1708 corpus

1007 1714 1040 1745 in
1065 1717 1244 1748 reverentia

961 1760 1152 1793 Turonensis

1007 1810 1094 1839 tenet
1118 1810 1263 1852 ecclesia,

960 1852 1054 1886 Cuius
1077 1864 1188 1895 preces

1005 1904 1037 1932 et
1059 1904 1238 1941 patrocinia

957 1946 1024 1978 Nos
1047 1949 1224 1986 perducant

1004 1994 1045 2025 ad
1071 1996 1151 2026 caeli
1175 1998 1301 2036 gaudia.

1095 2068 1301 2104 Responsoria.

898 2122 916 2154 1
923 2149 930 2156 .
955 2123 1048 2155 Vitae
1072 2129 1203 2158 sanctae

1001 2168 1085 2202 facto
1111 2174 1267 2208 curriculo

955 2216 1106 2249 Sanctum
1131 2228 1245 2261 corpus

1002 2264 1095 2296 datur
1119 2269 1314 2311 sarcophago

954 2311 992 2343 In
1015 2311 1148 2345 Martini

1000 2360 1102 2390 sancti
1128 2363 1299 2409 coenobi03
