1655 2534
190 1227 225 1261 V.

715 86 943 122 -74-

259 187 302 218 Et
327 195 396 217 cum
421 193 494 226 rege
518 185 696 225 baptizatur

308 233 412 266 Multa
434 232 536 272 plebis
560 232 668 272 copia,

258 281 319 312 Per
340 280 534 312 Matthaeum
559 277 762 319 propulsatur

306 326 440 359 Gentilis
464 324 607 365 perfidia,

258 373 353 406 Prole
375 382 457 405 nova
480 370 668 404 fecundatur

305 420 348 452 Et
368 419 458 452 floret
483 418 623 451 ecclesia.

261 477 366 508 Thoro
391 478 497 515 spreto
521 474 659 505 maritali

306 523 358 554 Ad
382 521 537 554 Matthaei
560 528 661 561 genua

261 569 336 602 Cum
362 569 489 600 cohorte
514 566 659 606 virginali

306 615 475 648 Procidens
499 614 633 652 ingenua

259 662 342 694 Fide
365 660 454 692 nubit
479 659 631 691 aeternali

305 707 383 747 Regi
407 706 593 745 Ephigenia,

258 753 367 785 Hostis
392 754 461 784 arte
485 752 621 791 spiritali

305 800 473 832 Declinans
493 798 621 839 ingenia

257 848 337 879 Voto
361 844 605 877 sanctimonialis

305 893 414 925 Carnis
440 893 542 924 calcat
565 892 685 923 naenia.

258 948 436 980 Venustatis
461 957 495 980 os
520 947 678 979 admirans

304 995 452 1027 IIirtacus
476 994 627 1033 ingemuit

258 1042 302 1073 Et
323 1050 489 1081 porcorum
513 1039 626 1072 fraude
650 1048 764 1081 gyrans

306 1089 430 1124 Preces,
453 1088 553 1119 minas
577 1087 712 1124 miscuit,

257 1135 350 1166 Nunc
363 1134 551 1173 demulcens,
564 1142 649 1165 nunc
662 1133 799 1165 delirans

306 1181 397 1212 Hanc
420 1184 542 1212 mutare
566 1181 704 1220 studuit;

255 1227 351 1267 Virgo
377 1227 494 1259 Christi
519 1226 583 1258 fide
606 1227 730 1265 spirans

306 1274 400 1313 Spem
425 1281 591 1305 consensus
616 1273 734 1314 abnuit,

258 1320 329 1352 Non
353 1321 499 1351 terrentis
526 1320 623 1351 minas
650 1328 760 1351 curans

303 1368 428 1405 Preces,
452 1368 536 1399 dona
556 1367 685 1405 respuit.

343 1461 386 1492 In
411 1459 639 1493 Laudibus

368 1535 462 1568 Super
481 1533 622 1560 Psalmos.

189 1592 228 1623 A.
255 1590 285 1622 A
310 1590 470 1621 Matthaeo
495 1590 680 1628 redargutus

302 1637 453 1668 Hirtacus
477 1634 636 1667 infremuit

257 1684 301 1715 Et
321 1685 495 1714 monentem
526 1686 707 1721 persecutus

305 1729 426 1760 Furore
451 1729 601 1760 efferbuit.

375 1803 421 1830 Ad
439 1802 619 1830 Benedictus.

260 1860 342 1893 Dum
366 1860 546 1892 Matthaeus

307 1905 418 1939 defixis
443 1906 573 1947 genibus

259 1954 355 1986 secus
380 1963 467 1986 aram

308 1999 446 2040 profusis
470 2000 617 2040 precibus

260 2048 338 2080 Orat
361 2046 530 2086 Christum,

305 2095 387 2127 hunc
411 2104 431 2127 a
460 2094 632 2126 cervicibus

263 2159 347 2187 Brev.
363 2168 414 2187 ms.
431 2158 597 2187 Cistercien.
613 2156 706 2186 Italic.
721 2167 796 2187 saec.
808 2158 850 2187 15.
872 2159 940 2187 God.
956 2158 1095 2187 Oxonien.
1110 2160 1234 2188 Miscell.
1245 2161 1358 2198 Liturg.
1369 2160 1434 2191 343.
1445 2178 1481 2182 -—

930 181 1041 212 Lictor
1064 178 1177 219 pungit

975 229 1007 258 et
1030 227 1063 258 in
1089 224 1276 257 caelestibus

928 273 1034 305 Morte
1058 281 1150 305 sacra

974 321 1076 360 iungit
1100 317 1303 360 martyn'buS.

1055 441 1113 474 Ad
1139 440 1284 473 Horas.

1068 515 1113 542 Ad
1136 515 1273 543 Primam.

890 599 897 606 .
929 572 1023 606 Plebs
1048 572 1204 604 Matthaei
1225 571 1445 603 venerandum

978 620 1119 652 Audiens
1144 618 1344 659 martyrium,

929 667 1011 699 Tota
1037 666 1137 698 currit
1157 665 1199 697 ad
1224 664 1423 697 cremandum

974 712 1100 746 Hirtaci
1123 712 1288 752 palatium.

1067 786 1113 815 Ad
1131 787 1269 814 Tertiam.

890 871 897 878 .
928 845 1140 877 Obcurrentes
1165 852 1235 875 cum
1255 844 1387 883 placore

975 891 1131 923 Matthaei
1158 890 1308 930 discipuli

928 938 990 970 Vix
1016 939 1169 969 sedarunt
1192 946 1211 968 a
1236 935 1344 970 furore

975 985 1167 1017 Commotum
1194 992 1248 1015 cor
1272 984 1391 1023 populi.

1070 1057 1116 1085 Ad
1136 1058 1264 1086 Sextum.

889 1143 896 1150 .
925 1117 978 1148 Ad
999 1115 1155 1147 Matthaei
1178 1119 1256 1146 nutu
1281 1114 1343 1146 Dei

975 1163 1110 1198 Currens
1134 1169 1216 1201 puer
1240 1162 1393 1192 tumulum

926 1209 1026 1240 Hoste
1049 1216 1179 1248 pressus
1203 1213 1252 1239 cst
1281 1206 1443 1239 confessus

977 1255 1103 1287 Hirtaci
1124 1255 1292 1294 piaculum.

1071 1329 1119 1356 Ad
1139 1330 1263 1357 Nonam.

890 1413 896 1420 .
930 1386 1079 1418 Hirtacus
1102 1386 1195 1425 lepra
1218 1385 1365 1425 perfusus

974 1433 1090 1465 Divino
1114 1433 1232 1464 iudicio

931 1480 1040 1511 Mente
1065 1482 1175 1517 captus
1202 1482 1233 1510 et
1260 1478 1407 1511 confusus

974 1526 1016 1558 Sc
1040 1525 1213 1559 transfodit
1239 1526 1355 1566 gladio.

992 1639 1039 1670 In
1065 1640 1096 1670 2.
1125 1637 1341 1677 Vesperis.

1044 1712 1089 1739 Ad
1107 1711 1287 1748 Magnffieat.

892 1795 898 1802 .
932 1769 956 1801 O
980 1768 1152 1808 Matthaee,
1179 1769 1247 1801 laus
1270 1770 1419 1809 Iudaeae,

978 1815 1093 1855 Stirpis
1117 1814 1176 1847 flos
1200 1816 1357 1856 leviticae,

931 1862 993 1894 Vas
1017 1862 1150 1906 insigne,
1178 1863 1290 1895 doctor
1315 1864 1409 1903 digne

978 1908 1073 1940 Fidei
1098 1909 1281 1949 catholicae,

934 1956 1129 1987 Assistentes
1154 1959 1187 1987 et,
1209 1957 1399 1995 plaudentes

980 2002 1018 2033 In
1043 2002 1090 2033 tui
1113 2003 1265 2034 memoria

934 2047 1010 2087 Nos,
1036 2051 1179 2087 patrone,
1206 2048 1259 2081 fac
1284 2058 1419 2082 coronae

981 2095 1149 2127 Consortes
1173 2096 1206 2127 in
1231 2096 1339 2136 gloria.

189 2197 229 2224 In
257 2196 280 2224 1.
301 2197 410 2232 Vesp.
433 2196 452 2222 Α
472 2195 502 2231 3,
528 2195 990 2225 4Ferrenti.—1n1.Noct.
1014 2196 1031 2223 R
1054 2195 1078 2230 1,
1100 2196 1206 2226 7Lies
1224 2171 1351 2227 vergbo‘?
1356 2215 1393 2219 -
1415 2201 1433 2227 Β
1454 2199 1482 2232 3

191 2232 206 2261 1
229 2234 342 2267 Caroes,
361 2249 400 2253 —
419 2235 437 2260 Β
457 2232 484 2267 3,
504 2233 521 2262 7
542 2234 672 2262 diversis.
692 2250 729 2254 —
750 2235 768 2261 Β
789 2232 816 2268 3,
838 2234 855 2263 9
877 2235 956 2268 Ηοος
977 2235 1046 2262 lies:
1065 2235 1231 2263 Matthaeus
1245 2238 1277 2265 vi
1288 2239 1368 2265 mala
1380 2238 1481 2267 laxat?

189 2286 225 2290 —
252 2273 295 2299 In
324 2254 349 2298 2'.
374 2272 472 2299 Noct.
503 2272 522 2298 Α
546 2271 568 2304 1
592 2272 607 2300 1
633 2272 782 2300 Candacis.
811 2287 846 2291 —
875 2270 894 2297 Β
917 2271 942 2305 1,
962 2271 979 2298 7
1003 2271 1153 2300 candacis.
1175 2288 1210 2293 --
1232 2274 1251 2300 Β
1274 2272 1298 2308 1,
1319 2274 1336 2303 9
1356 2276 1424 2306 Dat.
1445 2293 1482 2298 -

190 2307 284 2375 {afficit
294 2309 406 2374 ἓξὲξ,
415 2309 459 2337 Ad
474 2310 555 2337 Cant.
575 2310 595 2336 Α
615 2307 641 2343 3,
656 2318 699 2346 sq.
719 2310 821 2338 umbra
833 2311 996 2346 vagientem
1011 2313 1131 2337 caecant
1141 2311 1300 2347 perfidiam.
1314 2330 1347 2334 —
1372 2314 1390 2340 Β
1405 2313 1483 2351 3,10
