1655 2534
730 165 807 198 --
859 145 926 180 116
976 164 1018 169 -

317 240 486 282 Insignitos
510 240 616 272 multis
640 240 728 272 miris

366 286 524 320 Praefecit
547 296 580 319 se
605 286 784 326 scientibus,

319 334 480 367 Relaxatis
503 334 613 374 poenis
638 334 716 366 diris

363 381 511 421 Indulget
531 380 781 421 paenitentibus;

284 454 291 461 .
321 427 461 459 Credunt
487 427 680 467 alienigenae

318 474 361 505 Et
383 473 463 506 fiunt
485 474 548 505 iam
574 473 724 513 deigenae

364 520 508 552 Patronis
532 518 800 559 praedicantibus,

434 593 479 619 Ad
497 591 673 627 Mag-nificat.

317 649 340 680 O
367 658 457 689 quam
482 648 623 687 mirifico,

360 695 455 734 Deus,
463 696 552 726 ordin
557 703 574 725 e
581 703 637 726 cun
641 697 691 725 cta
696 693 858 726 ministras

317 741 435 774 Ultima
458 749 516 780 per
538 741 643 772 media

359 788 452 827 regis,
470 786 584 827 influis,
603 788 741 826 ordinaS,
755 790 856 826 aptas,

313 834 482 865 Terrarum
507 834 646 873 caelique
670 836 766 875 sator,

359 881 411 920 qui
435 883 547 912 cuncta
571 889 707 921 superno

313 926 410 958 Ducis
434 926 473 958 ab
500 927 652 967 exemplo,

357 974 469 1005 mediis
495 976 634 1005 extrema
655 974 798 1005 reducis!

370 1075 432 1107 Ad
455 1074 717 1107 Matutinum.

440 1148 653 1177 Invitatorium.

309 1204 406 1237 Festa
430 1205 497 1236 dies
521 1206 625 1245 agitur

359 1251 505 1284 Patronis
531 1252 686 1291 dedicata,

311 1296 482 1329 Iubilemus
504 1299 602 1338 igitur

359 1345 466 1376 Mente
494 1343 669 1386 purificata.

368 1446 414 1478 In
442 1447 471 1479 1.
496 1447 554 1478 No
567 1449 726 1480 cturno.

454 1519 645 1554 Antiphonae.

279 1601 286 1608 .
315 1574 418 1606 Verbo
442 1575 504 1606 Dei
529 1576 601 1607 dum
626 1577 744 1617 obedit,

312 1620 397 1653 Gens
422 1621 576 1653 Sueonum
594 1621 718 1655 Christo
744 1624 854 1665 credit,

315 1667 402 1708 Orat,
426 1668 532 1707 plorat
555 1671 586 1699 et
610 1669 733 1701 accedit

358 1714 411 1745 Ad
434 1714 584 1753 baptismi
607 1716 749 1755 gratiam.

284 1795 290 1802 .
315 1768 460 1801 Firmans
477 1768 582 1809 fidem,
601 1770 739 1804 formans
753 1782 856 1806 mores

312 1814 427 1846 Sacrae
451 1817 529 1856 legis
553 1825 611 1857 per
637 1819 790 1859 doctores,

312 1861 495 1894 Detestatur
519 1872 601 1894 nunc
625 1873 746 1897 errores

355 1908 481 1941 Priscos
506 1913 537 1940 et
561 1908 727 1943 fallaciam.

283 1990 290 1997 .
317 1963 397 1995 Olim
422 1965 547 2003 quidem
571 1967 771 1999 tenebrarum

311 2011 425 2042 Pressa
447 2012 529 2043 nube
555 2012 750 2045 diversarum

311 2056 403 2089 Nunc
426 2058 468 2089 ad
488 2059 593 2090 lumen
617 2060 704 2092 venit
729 2062 846 2093 clarum

334 2104 396 2136 Per
420 2104 481 2136 Dei
508 2106 714 2140 clementiam.

446 2178 649 2215 Responsoria.

280 2257 288 2266 .
313 2233 395 2266 Dum
418 2235 451 2266 in
475 2235 553 2268 fines
578 2237 663 2269 orbis
687 2240 792 2270 terrae

355 2281 475 2313 Christi
498 2282 577 2315 fides
603 2284 798 2328 diffunditur,

310 2325 421 2367 Coepit
440 2330 571 2361 multum
595 2330 730 2363 fructum
760 2331 853 2376 ferre,

355 2373 494 2408 Perfidia
517 2378 715 2422 retunditur,

914 857 952 890 V.

992 239 1078 272 Gens
1103 239 1270 280 Sueonum,
1295 237 1457 270 illustrata

1035 286 1139 318 Verae
1162 286 1242 318 lucis
1265 284 1367 326 radio,

989 335 1197 366 Patronorum
1222 333 1394 365 sublimata

1037 380 1169 412 Proficit
1191 380 1319 413 auxilio.

987 427 1159 459 Miseratus
1182 427 1369 458 miserorum

987 474 1062 506 Pius
1087 476 1189 513 pater,
1215 482 1273 506 rex
1298 474 1457 505 caelorum

1033 520 1175 551 Adhibet
1199 520 1350 552 remedia.

986 577 1146 608 Aeternus
1170 578 1264 615 pater
1289 576 1396 615 voluit,

1034 622 1124 660 Quod
1149 622 1235 654 Deus
1260 623 1352 655 homo
1377 622 1479 663 fieret,

989 668 1126 700 Salutem
1149 670 1195 700 sic
1221 670 1386 709 disposuit,

1033 716 1079 748 Ut
1101 715 1186 747 filius
1210 716 1391 757 redimeret,

985 763 1163 795 Humanam
1189 771 1315 795 carnem
1338 764 1452 806 induit,

1033 809 1110 841 Exit
1134 810 1274 851 vincens,
1299 812 1336 841 ut
1358 811 1510 844 vinceret.

982 856 1073 889 Vidit
1097 861 1129 890 et
1154 857 1325 897 condoluit,

986 903 1076 942 Quod
1100 905 1168 936 ovis
1191 913 1256 936 una
1281 903 1392 947 defuit,

1033 950 1077 982 Ut
1102 951 1225 983 deviam
1250 952 1425 984 reduceret.

951 1031 958 1039 .
985 1008 1062 1039 Post
1088 1007 1264 1039 doctrinam
1288 1008 1457 1041 salvatoris

1032 1053 1183 1086 Succedit
1206 1055 1390 1096 apostolica,

986 1101 1100 1132 Veram
1123 1100 1220 1132 fidem
1245 1103 1396 1134 creatoris

1030 1147 1099 1179 Lex
1125 1148 1218 1180 docet
1243 1150 1434 1190 evangelica,

981 1195 1036 1227 Ad
1060 1195 1143 1226 ovile
1166 1194 1378 1235 redemptoris

1030 1241 1200 1273 Concurrit
1223 1243 1314 1283 plebs
1342 1244 1507 1278 catholica.

979 1288 1127 1320 Ecclesia
1152 1289 1319 1329 dominica,

984 1334 1060 1367 Cum
1084 1334 1182 1367 iubilo
1207 1337 1384 1376 multiplica

1031 1383 1155 1414 Devota
1177 1383 1307 1415 laudum
1332 1385 1466 1419 cantica.

1035 1523 1083 1555 In
1109 1525 1140 1556 2.
1166 1524 1401 1558 Nocturno.

1123 1597 1318 1633 Antiphonae.

950 1685 958 1693 .
979 1662 1049 1694 Rex
1074 1664 1233 1697 caelorum
1257 1667 1440 1701 incarnatus

982 1709 1027 1740 Et
1049 1710 1083 1740 in
1106 1711 1224 1745 mundo
1249 1719 1453 1749 conversatus

1029 1756 1137 1798 Elegit
1159 1761 1265 1791 terrae
1287 1763 1427 1794 medium

981 1802 1044 1834 Hic
1067 1805 1200 1836 salutem
1225 1811 1373 1848 operatus

982 1850 1035 1881 Ad
1061 1855 1216 1885 extremos
1240 1855 1397 1888 incolatus

1026 1896 1164 1930 Diffudit
1188 1899 1383 1936 beneficium.

948 1975 955 1983 .
981 1952 1064 1985 Dum
1090 1954 1131 1985 de
1155 1955 1230 1987 Sion
1253 1958 1307 1988 lex
1332 1961 1431 1993 exivit

1029 1999 1229 2040 Verbumque
1253 2005 1339 2037 vocis
1365 2007 1506 2049 Domini,

980 2044 1163 2079 Successive
1188 2051 1356 2089 acquisivit

1028 2091 1145 2125 Gentes
1171 2104 1226 2128 suo
1250 2099 1380 2134 nomini.

948 2173 954 2179 .
978 2147 1030 2179 Ab
1055 2151 1203 2182 extremis
1228 2155 1384 2193 aquilonis

982 2193 1086 2225 Intrat
1109 2197 1226 2230 sanctis
1249 2208 1319 2233 cum
1343 2207 1487 2243 patronis

1027 2241 1194 2275 Plenitudo
1220 2248 1377 2293 gentium3

982 2287 1074 2319 Salus
1099 2298 1139 2322 ex
1162 2291 1289 2325 Iudaeis
1313 2300 1389 2330 nata

984 2334 1036 2366 Ad
1061 2339 1217 2370 extremos
1244 2341 1379 2376 dilatata

1031 2381 1123 2415 Vitae
1146 2385 1269 2419 confert
1290 2392 1465 2428 praemium
