<?xml version="1.0" encoding="UTF-8"?>
<!DOCTYPE html PUBLIC "-//W3C//DTD XHTML 1.0 Transitional//EN"
    "http://www.w3.org/TR/xhtml1/DTD/xhtml1-transitional.dtd">
<html xmlns="http://www.w3.org/1999/xhtml" xml:lang="en" lang="en">
 <head>
  <title>
</title>
<meta http-equiv="Content-Type" content="text/html;charset=utf-8" />
  <meta name='ocr-system' content='tesseract 3.04.00' />
  <meta name='ocr-capabilities' content='ocr_page ocr_carea ocr_par ocr_line ocrx_word'/>
</head>
<body>
  <div class='ocr_page' id='page_1' title='image "./analectahymnica28drevuoft_00058.png"; bbox 0 0 1655 2534; ppageno 0'>
   <div class='ocr_carea' id='block_1_1' title="bbox 665 88 898 125">
    <p class='ocr_par' dir='ltr' id='par_1_1' title="bbox 665 88 898 125">
     <span class='ocr_line' id='line_1_1' title="bbox 665 88 898 125; baseline 0.009 -11"><span class='ocrx_word' id='word_1_1' title='bbox 665 88 898 125; x_wconf 68' lang='lat'>—55-</span> 
     </span>
    </p>
   </div>
   <div class='ocr_carea' id='block_1_2' title="bbox 145 184 569 265">
    <p class='ocr_par' dir='ltr' id='par_1_2' title="bbox 145 184 569 265">
     <span class='ocr_line' id='line_1_2' title="bbox 145 184 569 218; baseline 0 -1"><span class='ocrx_word' id='word_1_2' title='bbox 145 185 175 217; x_wconf 86' lang='lat'><strong>5.</strong></span> <span class='ocrx_word' id='word_1_3' title='bbox 201 184 391 218; x_wconf 85' lang='lat' dir='ltr'><strong>Laudabilis</strong></span> <span class='ocrx_word' id='word_1_4' title='bbox 416 184 569 218; x_wconf 89' lang='lat' dir='ltr'><strong>Dominus</strong></span> 
     </span>
     <span class='ocr_line' id='line_1_3' title="bbox 202 232 526 265; baseline 0.003 -2"><span class='ocrx_word' id='word_1_5' title='bbox 202 232 241 263; x_wconf 91' lang='lat' dir='ltr'><strong>In</strong></span> <span class='ocrx_word' id='word_1_6' title='bbox 268 232 332 264; x_wconf 85' lang='lat' dir='ltr'><strong>suis</strong></span> <span class='ocrx_word' id='word_1_7' title='bbox 358 232 526 265; x_wconf 85' lang='lat' dir='ltr'><strong>virtutibus</strong></span> 
     </span>
    </p>
   </div>
   <div class='ocr_carea' id='block_1_3' title="bbox 205 278 718 318">
    <p class='ocr_par' dir='ltr' id='par_1_3' title="bbox 205 278 718 318">
     <span class='ocr_line' id='line_1_4' title="bbox 205 278 718 318; baseline 0.002 -8"><span class='ocrx_word' id='word_1_8' title='bbox 205 278 338 310; x_wconf 86' lang='lat' dir='ltr'><strong>Gratam</strong></span> <span class='ocrx_word' id='word_1_9' title='bbox 363 279 423 310; x_wconf 89' lang='lat' dir='ltr'>sibi</span> <span class='ocrx_word' id='word_1_10' title='bbox 447 279 607 311; x_wconf 87' lang='lat' dir='ltr'><strong>Martham</strong></span> <span class='ocrx_word' id='word_1_11' title='bbox 633 280 718 318; x_wconf 84' lang='lat' dir='ltr'><strong>feeit,</strong></span> 
     </span>
    </p>
   </div>
   <div class='ocr_carea' id='block_1_4' title="bbox 203 322 507 412">
    <p class='ocr_par' dir='ltr' id='par_1_4' title="bbox 203 322 507 412">
     <span class='ocr_line' id='line_1_5' title="bbox 206 322 485 365; baseline 0 -8"><span class='ocrx_word' id='word_1_12' title='bbox 206 322 304 363; x_wconf 82' lang='lat' dir='ltr'><strong>Quam</strong></span> <span class='ocrx_word' id='word_1_13' title='bbox 330 325 485 365; x_wconf 84' lang='lat' dir='ltr'><strong>gratuitus</strong></span> 
     </span>
     <span class='ocr_line' id='line_1_6' title="bbox 203 370 507 412; baseline 0.003 -9"><span class='ocrx_word' id='word_1_14' title='bbox 203 370 341 404; x_wconf 84' lang='lat' dir='ltr'><strong>Mirifice</strong></span> <span class='ocrx_word' id='word_1_15' title='bbox 362 371 507 412; x_wconf 77' lang='lat' dir='ltr'><strong>perfecit.</strong></span> 
     </span>
    </p>
   </div>
   <div class='ocr_carea' id='block_1_5' title="bbox 314 473 569 502">
    <p class='ocr_par' dir='ltr' id='par_1_5' title="bbox 314 473 569 502">
     <span class='ocr_line' id='line_1_7' title="bbox 314 473 569 502; baseline 0.004 -1"><span class='ocrx_word' id='word_1_16' title='bbox 314 473 359 501; x_wconf 82' lang='lat' dir='ltr'><strong>Ad</strong></span> <span class='ocrx_word' id='word_1_17' title='bbox 385 474 569 502; x_wconf 79' lang='lat' dir='ltr'>Benedictus.</span> 
     </span>
    </p>
   </div>
   <div class='ocr_carea' id='block_1_6' title="bbox 131 551 713 910">
    <p class='ocr_par' dir='ltr' id='par_1_6' title="bbox 131 551 713 910">
     <span class='ocr_line' id='line_1_8' title="bbox 131 551 643 590; baseline 0 -7"><span class='ocrx_word' id='word_1_18' title='bbox 131 553 172 584; x_wconf 91' lang='lat' dir='ltr'><strong>A.</strong></span> <span class='ocrx_word' id='word_1_19' title='bbox 206 551 358 583; x_wconf 85' lang='lat' dir='ltr'><strong>Videntes</strong></span> <span class='ocrx_word' id='word_1_20' title='bbox 383 551 462 583; x_wconf 81' lang='lat' dir='ltr'><strong>haec</strong></span> <span class='ocrx_word' id='word_1_21' title='bbox 485 552 643 590; x_wconf 87' lang='lat' dir='ltr'><strong>magnalia</strong></span> 
     </span>
     <span class='ocr_line' id='line_1_9' title="bbox 204 597 657 639; baseline 0 -10"><span class='ocrx_word' id='word_1_22' title='bbox 204 598 239 629; x_wconf 87' lang='grc'><strong>111</strong></span> <span class='ocrx_word' id='word_1_23' title='bbox 266 598 363 630; x_wconf 87' lang='lat' dir='ltr'><strong>beata</strong></span> <span class='ocrx_word' id='word_1_24' title='bbox 387 597 506 630; x_wconf 82' lang='lat' dir='ltr'><strong>Christi</strong></span> <span class='ocrx_word' id='word_1_25' title='bbox 521 598 657 639; x_wconf 80' lang='lat' dir='ltr'><strong>hospita,</strong></span> 
     </span>
     <span class='ocr_line' id='line_1_10' title="bbox 203 645 559 684; baseline -0.003 -8"><span class='ocrx_word' id='word_1_26' title='bbox 203 646 300 684; x_wconf 80' lang='lat' dir='ltr'><strong>Quam</strong></span> <span class='ocrx_word' id='word_1_27' title='bbox 327 645 391 676; x_wconf 90' lang='lat' dir='ltr'><strong>suis</strong></span> <span class='ocrx_word' id='word_1_28' title='bbox 416 645 559 676; x_wconf 90' lang='lat' dir='ltr'><strong>manibus</strong></span> 
     </span>
     <span class='ocr_line' id='line_1_11' title="bbox 203 691 541 732; baseline 0 -10"><span class='ocrx_word' id='word_1_29' title='bbox 203 691 357 730; x_wconf 85' lang='lat' dir='ltr'><strong>Sepelivit</strong></span> <span class='ocrx_word' id='word_1_30' title='bbox 377 692 541 732; x_wconf 80' lang='lat' dir='ltr'><strong>Dominus,</strong></span> 
     </span>
     <span class='ocr_line' id='line_1_12' title="bbox 201 737 522 778; baseline 0 -9"><span class='ocrx_word' id='word_1_31' title='bbox 201 737 332 769; x_wconf 80' lang='lat' dir='ltr'><strong>Fideles</strong></span> <span class='ocrx_word' id='word_1_32' title='bbox 355 738 522 778; x_wconf 83' lang='lat' dir='ltr'><strong>mirantur,</strong></span> 
     </span>
     <span class='ocr_line' id='line_1_13' title="bbox 204 784 565 824; baseline 0 -9"><span class='ocrx_word' id='word_1_33' title='bbox 204 784 318 824; x_wconf 83' lang='lat' dir='ltr'><strong>Angeli</strong></span> <span class='ocrx_word' id='word_1_34' title='bbox 342 784 565 823; x_wconf 66' lang='lat' dir='ltr'><strong>iuoundmtur,</strong></span> 
     </span>
     <span class='ocr_line' id='line_1_14' title="bbox 201 831 713 863; baseline 0.002 -1"><span class='ocrx_word' id='word_1_35' title='bbox 201 831 430 863; x_wconf 80' lang='lat' dir='ltr'><strong>Benedicentes</strong></span> <span class='ocrx_word' id='word_1_36' title='bbox 455 831 557 863; x_wconf 89' lang='lat' dir='ltr'><strong>Deum</strong></span> <span class='ocrx_word' id='word_1_37' title='bbox 584 831 713 863; x_wconf 83' lang='lat' dir='ltr'><strong>deorum</strong></span> 
     </span>
     <span class='ocr_line' id='line_1_15' title="bbox 204 877 619 910; baseline 0 -2"><span class='ocrx_word' id='word_1_38' title='bbox 204 877 240 909; x_wconf 90' lang='grc'><strong>111</strong></span> <span class='ocrx_word' id='word_1_39' title='bbox 264 878 391 910; x_wconf 80' lang='lat' dir='ltr'><strong>saeeula</strong></span> <span class='ocrx_word' id='word_1_40' title='bbox 413 878 619 910; x_wconf 83' lang='lat' dir='ltr'><strong>saeculorum.</strong></span> 
     </span>
    </p>
   </div>
   <div class='ocr_carea' id='block_1_7' title="bbox 947 187 1299 296">
    <p class='ocr_par' dir='ltr' id='par_1_7' title="bbox 947 187 1299 296">
     <span class='ocr_line' id='line_1_16' title="bbox 947 187 1299 226; baseline 0.006 -8"><span class='ocrx_word' id='word_1_41' title='bbox 947 187 996 218; x_wconf 92' lang='lat' dir='ltr'><strong>In</strong></span> <span class='ocrx_word' id='word_1_42' title='bbox 1023 187 1054 218; x_wconf 87' lang='lat'><strong>2.</strong></span> <span class='ocrx_word' id='word_1_43' title='bbox 1081 187 1299 226; x_wconf 77' lang='lat' dir='ltr'><strong>Vesperis.</strong></span> 
     </span>
     <span class='ocr_line' id='line_1_17' title="bbox 1003 258 1246 296; baseline 0.004 -9"><span class='ocrx_word' id='word_1_44' title='bbox 1003 258 1049 287; x_wconf 74' lang='lat' dir='ltr'><strong>Ad</strong></span> <span class='ocrx_word' id='word_1_45' title='bbox 1066 259 1246 296; x_wconf 77' lang='lat' dir='ltr'><strong>Magnffieat.</strong></span> 
     </span>
    </p>
   </div>
   <div class='ocr_carea' id='block_1_8' title="bbox 812 317 1317 350">
    <p class='ocr_par' dir='ltr' id='par_1_8' title="bbox 812 317 1317 350">
     <span class='ocr_line' id='line_1_18' title="bbox 812 317 1317 350; baseline -0.002 -1"><span class='ocrx_word' id='word_1_46' title='bbox 812 320 852 349; x_wconf 88' lang='lat' dir='ltr'><strong>A.</strong></span> <span class='ocrx_word' id='word_1_47' title='bbox 882 317 1031 350; x_wconf 70' lang='lat' dir='ltr'><strong>Sanctum</strong></span> <span class='ocrx_word' id='word_1_48' title='bbox 1054 324 1166 348; x_wconf 91' lang='lat' dir='ltr'><strong>nomen</strong></span> <span class='ocrx_word' id='word_1_49' title='bbox 1189 317 1317 350; x_wconf 83' lang='lat' dir='ltr'><strong>Domini</strong></span> 
     </span>
    </p>
   </div>
   <div class='ocr_carea' id='block_1_9' title="bbox 879 363 1432 910">
    <p class='ocr_par' dir='ltr' id='par_1_9' title="bbox 884 363 1432 537">
     <span class='ocr_line' id='line_1_19' title="bbox 884 363 1365 408; baseline 0 -12"><span class='ocrx_word' id='word_1_50' title='bbox 884 363 1091 404; x_wconf 83' lang='lat' dir='ltr'><strong>Magnificent</strong></span> <span class='ocrx_word' id='word_1_51' title='bbox 1114 372 1221 395; x_wconf 86' lang='lat' dir='ltr'><strong>omnes</strong></span> <span class='ocrx_word' id='word_1_52' title='bbox 1246 366 1365 408; x_wconf 87' lang='lat' dir='ltr'><strong>populi,</strong></span> 
     </span>
     <span class='ocr_line' id='line_1_20' title="bbox 888 410 1240 449; baseline 0.003 -8"><span class='ocrx_word' id='word_1_53' title='bbox 888 410 946 449; x_wconf 78' lang='lat' dir='ltr'><strong>Qui</strong></span> <span class='ocrx_word' id='word_1_54' title='bbox 969 410 1129 443; x_wconf 80' lang='lat' dir='ltr'><strong>Martham</strong></span> <span class='ocrx_word' id='word_1_55' title='bbox 1154 411 1240 449; x_wconf 83' lang='lat' dir='ltr'><strong>piam</strong></span> 
     </span>
     <span class='ocr_line' id='line_1_21' title="bbox 885 456 1432 498; baseline 0 -9"><span class='ocrx_word' id='word_1_56' title='bbox 885 456 1032 489; x_wconf 83' lang='lat' dir='ltr'>Sanctam</span> <span class='ocrx_word' id='word_1_57' title='bbox 1056 457 1202 490; x_wconf 86' lang='lat' dir='ltr'><strong>invitavit</strong></span> <span class='ocrx_word' id='word_1_58' title='bbox 1221 457 1263 490; x_wconf 92' lang='lat' dir='ltr'><strong>ad</strong></span> <span class='ocrx_word' id='word_1_59' title='bbox 1286 459 1432 498; x_wconf 81' lang='lat' dir='ltr'><strong>patriam,</strong></span> 
     </span>
     <span class='ocr_line' id='line_1_22' title="bbox 885 504 1311 537; baseline 0 -1"><span class='ocrx_word' id='word_1_60' title='bbox 885 504 1077 537; x_wconf 84' lang='lat' dir='ltr'><strong>Promittens</strong></span> <span class='ocrx_word' id='word_1_61' title='bbox 1101 513 1137 535; x_wconf 88' lang='lat' dir='ltr'><strong>se</strong></span> <span class='ocrx_word' id='word_1_62' title='bbox 1162 504 1311 537; x_wconf 82' lang='lat' dir='ltr'><strong>daturum</strong></span> 
     </span>
    </p>

    <p class='ocr_par' dir='ltr' id='par_1_10' title="bbox 880 551 1171 630">
     <span class='ocr_line' id='line_1_23' title="bbox 930 551 1171 590; baseline 0.004 -8"><span class='ocrx_word' id='word_1_63' title='bbox 930 551 1014 583; x_wconf 84' lang='lat' dir='ltr'><strong>vitae</strong></span> <span class='ocrx_word' id='word_1_64' title='bbox 1040 551 1171 590; x_wconf 75' lang='lat' dir='ltr'><strong>gloriam</strong></span> 
     </span>
     <span class='ocr_line' id='line_1_24' title="bbox 880 597 1098 630; baseline -0.005 0"><span class='ocrx_word' id='word_1_65' title='bbox 880 597 959 630; x_wconf 86' lang='lat' dir='ltr'><strong>Eius</strong></span> <span class='ocrx_word' id='word_1_66' title='bbox 986 599 1098 630; x_wconf 86' lang='lat' dir='ltr'><strong>devote</strong></span> 
     </span>
    </p>

    <p class='ocr_par' dir='ltr' id='par_1_11' title="bbox 879 644 1323 864">
     <span class='ocr_line' id='line_1_25' title="bbox 929 644 1308 684; baseline -0.003 -8"><span class='ocrx_word' id='word_1_67' title='bbox 929 644 1093 684; x_wconf 81' lang='lat' dir='ltr'><strong>agentibus</strong></span> <span class='ocrx_word' id='word_1_68' title='bbox 1118 645 1308 684; x_wconf 80' lang='lat' dir='ltr'><strong>memoriam,</strong></span> 
     </span>
     <span class='ocr_line' id='line_1_26' title="bbox 879 693 1283 731; baseline 0 -9"><span class='ocrx_word' id='word_1_69' title='bbox 879 693 1015 731; x_wconf 78' lang='lat' dir='ltr'><strong>Quorum</strong></span> <span class='ocrx_word' id='word_1_70' title='bbox 1040 700 1098 723; x_wconf 89' lang='lat' dir='ltr'><strong>nos</strong></span> <span class='ocrx_word' id='word_1_71' title='bbox 1124 694 1283 723; x_wconf 79' lang='lat' dir='ltr'><strong>consortes</strong></span> 
     </span>
     <span class='ocr_line' id='line_1_27' title="bbox 881 737 1236 771; baseline -0.006 0"><span class='ocrx_word' id='word_1_72' title='bbox 881 740 920 771; x_wconf 86' lang='lat' dir='ltr'><strong>In</strong></span> <span class='ocrx_word' id='word_1_73' title='bbox 945 738 1114 770; x_wconf 69' lang='lat' dir='ltr'><strong>dilectione</strong></span> <span class='ocrx_word' id='word_1_74' title='bbox 1136 737 1236 769; x_wconf 78' lang='lat' dir='ltr'><strong>fortes</strong></span> 
     </span>
     <span class='ocr_line' id='line_1_28' title="bbox 881 784 1323 817; baseline -0.002 -1"><span class='ocrx_word' id='word_1_75' title='bbox 881 784 995 816; x_wconf 77' lang='lat' dir='ltr'><strong>Faciat</strong></span> <span class='ocrx_word' id='word_1_76' title='bbox 1018 785 1060 816; x_wconf 84' lang='lat' dir='ltr'><strong>ad</strong></span> <span class='ocrx_word' id='word_1_77' title='bbox 1085 794 1173 817; x_wconf 88' lang='lat' dir='ltr'><strong>suam</strong></span> <span class='ocrx_word' id='word_1_78' title='bbox 1197 785 1323 817; x_wconf 84' lang='lat' dir='ltr'><strong>laudem</strong></span> 
     </span>
     <span class='ocr_line' id='line_1_29' title="bbox 881 832 1090 864; baseline -0.01 0"><span class='ocrx_word' id='word_1_79' title='bbox 881 833 943 864; x_wconf 89' lang='lat' dir='ltr'><strong>Per</strong></span> <span class='ocrx_word' id='word_1_80' title='bbox 967 832 1090 863; x_wconf 84' lang='lat' dir='ltr'><strong>infinita</strong></span> 
     </span>
    </p>

    <p class='ocr_par' dir='ltr' id='par_1_12' title="bbox 929 878 1288 910">
     <span class='ocr_line' id='line_1_30' title="bbox 929 878 1288 910; baseline 0.003 -2"><span class='ocrx_word' id='word_1_81' title='bbox 929 878 1056 909; x_wconf 83' lang='lat' dir='ltr'><strong>saecula</strong></span> <span class='ocrx_word' id='word_1_82' title='bbox 1083 879 1288 910; x_wconf 84' lang='lat' dir='ltr'><strong>saeculorum.</strong></span> 
     </span>
    </p>
   </div>
   <div class='ocr_carea' id='block_1_10' title="bbox 130 940 1435 1120">
    <p class='ocr_par' dir='ltr' id='par_1_13' title="bbox 130 940 1435 1091">
     <span class='ocr_line' id='line_1_31' title="bbox 207 940 1432 978; baseline -0.001 -9"><span class='ocrx_word' id='word_1_83' title='bbox 207 943 292 969; x_wconf 82' lang='lat' dir='ltr'><strong>Brev.</strong></span> <span class='ocrx_word' id='word_1_84' title='bbox 322 950 375 969; x_wconf 90' lang='lat' dir='ltr'><strong>ms.</strong></span> <span class='ocrx_word' id='word_1_85' title='bbox 401 942 550 978; x_wconf 81' lang='lat' dir='ltr'><strong>Pragense</strong></span> <span class='ocrx_word' id='word_1_86' title='bbox 583 951 658 970; x_wconf 80' lang='lat' dir='ltr'><strong>saec.</strong></span> <span class='ocrx_word' id='word_1_87' title='bbox 688 940 732 969; x_wconf 88' lang='lat'><strong>14.</strong></span> <span class='ocrx_word' id='word_1_88' title='bbox 780 942 849 969; x_wconf 81' lang='lat' dir='ltr'><strong>God.</strong></span> <span class='ocrx_word' id='word_1_89' title='bbox 874 942 1081 977; x_wconf 83' lang='lat' dir='ltr'><strong>Pragen.V11</strong></span> <span class='ocrx_word' id='word_1_90' title='bbox 1104 943 1130 969; x_wconf 90' lang='lat' dir='ltr'><strong>A</strong></span> <span class='ocrx_word' id='word_1_91' title='bbox 1159 940 1202 969; x_wconf 83' lang='lat'><strong>12.</strong></span> <span class='ocrx_word' id='word_1_92' title='bbox 1227 942 1262 969; x_wconf 86' lang='lat' dir='ltr'><strong>A.</strong></span> <span class='ocrx_word' id='word_1_93' title='bbox 1287 956 1324 960; x_wconf 93' lang='lat'>—</span> <span class='ocrx_word' id='word_1_94' title='bbox 1350 944 1432 970; x_wconf 77' lang='lat' dir='ltr'><strong>Brev.</strong></span> 
     </span>
     <span class='ocr_line' id='line_1_32' title="bbox 132 977 1435 1014; baseline -0.002 -6"><span class='ocrx_word' id='word_1_95' title='bbox 132 990 184 1008; x_wconf 83' lang='lat' dir='ltr'><strong>ms</strong></span> <span class='ocrx_word' id='word_1_96' title='bbox 212 981 283 1007; x_wconf 81' lang='lat' dir='ltr'><strong>anni</strong></span> <span class='ocrx_word' id='word_1_97' title='bbox 311 977 395 1007; x_wconf 82' lang='grc'><strong>1421</strong></span> <span class='ocrx_word' id='word_1_98' title='bbox 435 980 506 1008; x_wconf 77' lang='lat' dir='ltr'><strong>God</strong></span> <span class='ocrx_word' id='word_1_99' title='bbox 533 979 704 1007; x_wconf 77' lang='lat' dir='ltr'><strong>Gottwieen</strong></span> <span class='ocrx_word' id='word_1_100' title='bbox 727 978 759 1008; x_wconf 65' lang='lat'><strong>45</strong></span> <span class='ocrx_word' id='word_1_101' title='bbox 767 979 793 1007; x_wconf 99' lang='grc'>6</span> <span class='ocrx_word' id='word_1_102' title='bbox 818 979 852 1006; x_wconf 88' lang='grc' dir='ltr'><em>Β</em></span> <span class='ocrx_word' id='word_1_103' title='bbox 876 992 911 998; x_wconf 83' lang='lat'><strong>—-</strong></span> <span class='ocrx_word' id='word_1_104' title='bbox 938 979 961 1006; x_wconf 93' lang='lat' dir='ltr'>B</span> <span class='ocrx_word' id='word_1_105' title='bbox 988 980 1040 1007; x_wconf 79' lang='lat' dir='ltr'><strong>hat</strong></span> <span class='ocrx_word' id='word_1_106' title='bbox 1063 988 1118 1006; x_wconf 81' lang='lat' dir='ltr'><strong>nur</strong></span> <span class='ocrx_word' id='word_1_107' title='bbox 1137 979 1186 1006; x_wconf 80' lang='lat' dir='ltr'><strong>die</strong></span> <span class='ocrx_word' id='word_1_108' title='bbox 1207 977 1233 1006; x_wconf 86' lang='lat'><strong>1.</strong></span> <span class='ocrx_word' id='word_1_109' title='bbox 1252 979 1331 1014; x_wconf 82' lang='lat' dir='ltr'><strong>Vesp</strong></span> <span class='ocrx_word' id='word_1_110' title='bbox 1334 989 1375 1007; x_wconf 81' lang='lat' dir='ltr'><strong>er</strong></span> <span class='ocrx_word' id='word_1_111' title='bbox 1397 979 1435 1005; x_wconf 79' lang='lat' dir='ltr'><strong>ad</strong></span> 
     </span>
     <span class='ocr_line' id='line_1_33' title="bbox 132 989 1434 1054; baseline -0.002 -9"><span class='ocrx_word' id='word_1_112' title='bbox 132 1019 216 1046; x_wconf 77' lang='lat' dir='ltr'><strong>Noet.</strong></span> <span class='ocrx_word' id='word_1_113' title='bbox 237 1017 396 1045; x_wconf 83' lang='lat' dir='ltr'><strong>Commune</strong></span> <span class='ocrx_word' id='word_1_114' title='bbox 417 1017 452 1044; x_wconf 83' lang='lat' dir='ltr'><strong>de</strong></span> <span class='ocrx_word' id='word_1_115' title='bbox 470 1018 644 1054; x_wconf 80' lang='lat' dir='ltr'><strong>virginibus.</strong></span> <span class='ocrx_word' id='word_1_116' title='bbox 665 1032 700 1035; x_wconf 71' lang='lat'>—</span> <span class='ocrx_word' id='word_1_117' title='bbox 723 1017 769 1044; x_wconf 81' lang='lat' dir='ltr'><strong>Ad</strong></span> <span class='ocrx_word' id='word_1_118' title='bbox 787 1017 886 1052; x_wconf 79' lang='lat' dir='ltr'><strong>Magn.</strong></span> <span class='ocrx_word' id='word_1_119' title='bbox 908 1014 939 1048; x_wconf 92' lang='grc' dir='ltr'>Α</span> <span class='ocrx_word' id='word_1_120' title='bbox 960 1014 978 1044; x_wconf 75' lang='lat'>3</span> <span class='ocrx_word' id='word_1_121' title='bbox 998 1018 1078 1045; x_wconf 87' lang='lat' dir='ltr'><strong>Deus</strong></span> <span class='ocrx_word' id='word_1_122' title='bbox 1097 1016 1171 1044; x_wconf 74' lang='lat' dir='ltr'><strong>fehlt</strong></span> <span class='ocrx_word' id='word_1_123' title='bbox 1188 1016 1223 1043; x_wconf 85' lang='lat' dir='ltr'><strong>A.</strong></span> <span class='ocrx_word' id='word_1_124' title='bbox 1245 1030 1280 1036; x_wconf 93' lang='lat'><strong>—-</strong></span> <span class='ocrx_word' id='word_1_125' title='bbox 1298 989 1434 1051; x_wconf 72' lang='lat' dir='ltr'><strong>Hymnen</strong></span> 
     </span>
     <span class='ocr_line' id='line_1_34' title="bbox 130 1052 1432 1120; baseline -0.002 -38"><span class='ocrx_word' id='word_1_126' title='bbox 130 1057 162 1082; x_wconf 89' lang='lat' dir='ltr'><strong>in</strong></span> <span class='ocrx_word' id='word_1_127' title='bbox 184 1053 208 1081; x_wconf 86' lang='lat'><strong>1.</strong></span> <span class='ocrx_word' id='word_1_128' title='bbox 222 1055 309 1091; x_wconf 84' lang='lat' dir='ltr'><strong>Vesp.</strong></span> <span class='ocrx_word' id='word_1_129' title='bbox 317 1055 444 1091; x_wconf 82' lang='lat' dir='ltr'><strong>:Pange</strong></span> <span class='ocrx_word' id='word_1_130' title='bbox 457 1055 565 1120; x_wconf 79' lang='lat' dir='ltr'><strong>lBingua</strong></span> <span class='ocrx_word' id='word_1_131' title='bbox 577 1056 765 1091; x_wconf 82' lang='lat' dir='ltr'><strong>praeconium</strong></span> <span class='ocrx_word' id='word_1_132' title='bbox 777 1052 872 1089; x_wconf 85' lang='lat' dir='ltr'><strong>(Anal.</strong></span> <span class='ocrx_word' id='word_1_133' title='bbox 885 1053 937 1086; x_wconf 88' lang='lat' dir='ltr'><strong>IV,</strong></span> <span class='ocrx_word' id='word_1_134' title='bbox 959 1053 1071 1090; x_wconf 82' lang='lat' dir='ltr'><strong>206)A‚</strong></span> <span class='ocrx_word' id='word_1_135' title='bbox 1091 1055 1233 1082; x_wconf 82' lang='lat' dir='ltr'><strong>Praesens</strong></span> <span class='ocrx_word' id='word_1_136' title='bbox 1250 1054 1432 1082; x_wconf 84' lang='lat' dir='ltr'><strong>sollemnium</strong></span> 
     </span>
    </p>
   </div>
   <div class='ocr_carea' id='block_1_11' title="bbox 127 1065 481 1127">
    <p class='ocr_par' dir='ltr' id='par_1_14' title="bbox 127 1065 481 1127">
     <span class='ocr_line' id='line_1_35' title="bbox 127 1065 481 1127; baseline 0 -7"><span class='ocrx_word' id='word_1_137' title='bbox 127 1092 222 1124; x_wconf 68' lang='lat' dir='ltr'><strong>(Ami.</strong></span> <span class='ocrx_word' id='word_1_138' title='bbox 241 1065 353 1126; x_wconf 71' lang='lat' dir='ltr'><strong>xxm</strong></span> <span class='ocrx_word' id='word_1_139' title='bbox 373 1091 481 1127; x_wconf 79' lang='lat' dir='ltr'>237)B</span> 
     </span>
    </p>
   </div>
   <div class='ocr_carea' id='block_1_12' title="bbox 582 1182 979 1215">
    <p class='ocr_par' dir='ltr' id='par_1_15' title="bbox 582 1182 979 1215">
     <span class='ocr_line' id='line_1_36' title="bbox 582 1182 979 1215; baseline -0.008 -1"><span class='ocrx_word' id='word_1_140' title='bbox 582 1182 624 1214; x_wconf 83' lang='lat'><strong>19.</strong></span> <span class='ocrx_word' id='word_1_141' title='bbox 655 1183 699 1215; x_wconf 86' lang='lat' dir='ltr'><strong>De</strong></span> <span class='ocrx_word' id='word_1_142' title='bbox 718 1183 829 1215; x_wconf 74' lang='lat' dir='ltr'><strong>sancta</strong></span> <span class='ocrx_word' id='word_1_143' title='bbox 847 1182 979 1214; x_wconf 80' lang='lat' dir='ltr'><strong>Martha.</strong></span> 
     </span>
    </p>
   </div>
   <div class='ocr_carea' id='block_1_13' title="bbox 881 1250 1333 1337">
    <p class='ocr_par' dir='ltr' id='par_1_16' title="bbox 881 1250 1333 1337">
     <span class='ocr_line' id='line_1_37' title="bbox 884 1250 1331 1290; baseline -0.004 -7"><span class='ocrx_word' id='word_1_144' title='bbox 884 1251 1002 1284; x_wconf 79' lang='lat' dir='ltr'><strong>Christi</strong></span> <span class='ocrx_word' id='word_1_145' title='bbox 1026 1253 1120 1290; x_wconf 84' lang='lat' dir='ltr'><strong>parat</strong></span> <span class='ocrx_word' id='word_1_146' title='bbox 1142 1250 1331 1290; x_wconf 81' lang='lat' dir='ltr'><strong>hospitium3</strong></span> 
     </span>
     <span class='ocr_line' id='line_1_38' title="bbox 881 1297 1333 1337; baseline -0.002 -8"><span class='ocrx_word' id='word_1_147' title='bbox 881 1299 978 1337; x_wconf 73' lang='lat' dir='ltr'><strong>Quam</strong></span> <span class='ocrx_word' id='word_1_148' title='bbox 1005 1297 1083 1329; x_wconf 82' lang='lat' dir='ltr'><strong>felix</strong></span> <span class='ocrx_word' id='word_1_149' title='bbox 1106 1298 1167 1329; x_wconf 84' lang='lat' dir='ltr'><strong>hoc.</strong></span> <span class='ocrx_word' id='word_1_150' title='bbox 1189 1298 1333 1329; x_wconf 90' lang='lat' dir='ltr'><strong>initium!</strong></span> 
     </span>
    </p>
   </div>
   <div class='ocr_carea' id='block_1_14' title="bbox 268 1253 614 1293">
    <p class='ocr_par' dir='ltr' id='par_1_17' title="bbox 268 1253 614 1293">
     <span class='ocr_line' id='line_1_39' title="bbox 268 1253 614 1293; baseline -0.006 -7"><span class='ocrx_word' id='word_1_151' title='bbox 268 1254 316 1286; x_wconf 90' lang='lat' dir='ltr'><strong>In</strong></span> <span class='ocrx_word' id='word_1_152' title='bbox 344 1253 374 1286; x_wconf 89' lang='lat'><strong>1.</strong></span> <span class='ocrx_word' id='word_1_153' title='bbox 401 1253 614 1293; x_wconf 86' lang='lat' dir='ltr'><strong>Vesperis.</strong></span> 
     </span>
    </p>
   </div>
   <div class='ocr_carea' id='block_1_15' title="bbox 345 1355 540 1390">
    <p class='ocr_par' dir='ltr' id='par_1_18' title="bbox 345 1355 540 1390">
     <span class='ocr_line' id='line_1_40' title="bbox 345 1355 540 1390; baseline 0.01 -9"><span class='ocrx_word' id='word_1_154' title='bbox 345 1355 540 1390; x_wconf 78' lang='lat' dir='ltr'><strong>Antiphonae.</strong></span> 
     </span>
    </p>
   </div>
   <div class='ocr_carea' id='block_1_16' title="bbox 149 1431 638 1606">
    <p class='ocr_par' dir='ltr' id='par_1_19' title="bbox 149 1431 638 1606">
     <span class='ocr_line' id='line_1_41' title="bbox 149 1431 638 1471; baseline -0.008 -5"><span class='ocrx_word' id='word_1_155' title='bbox 149 1434 177 1467; x_wconf 93' lang='lat'><strong>1.</strong></span> <span class='ocrx_word' id='word_1_156' title='bbox 201 1433 351 1465; x_wconf 84' lang='lat' dir='ltr'><strong>Exsultet</strong></span> <span class='ocrx_word' id='word_1_157' title='bbox 372 1431 449 1464; x_wconf 80' lang='lat' dir='ltr'><strong>urbs</strong></span> <span class='ocrx_word' id='word_1_158' title='bbox 473 1431 638 1471; x_wconf 84' lang='lat' dir='ltr'><strong>Bethania,</strong></span> 
     </span>
     <span class='ocr_line' id='line_1_42' title="bbox 204 1478 620 1519; baseline -0.007 -8"><span class='ocrx_word' id='word_1_159' title='bbox 204 1480 291 1519; x_wconf 77' lang='lat' dir='ltr'><strong>Quae</strong></span> <span class='ocrx_word' id='word_1_160' title='bbox 317 1478 449 1511; x_wconf 77' lang='lat' dir='ltr'><strong>contulit</strong></span> <span class='ocrx_word' id='word_1_161' title='bbox 471 1478 620 1509; x_wconf 84' lang='lat' dir='ltr'><strong>immania</strong></span> 
     </span>
     <span class='ocr_line' id='line_1_43' title="bbox 200 1526 527 1559; baseline -0.003 -1"><span class='ocrx_word' id='word_1_162' title='bbox 200 1526 367 1559; x_wconf 86' lang='lat' dir='ltr'><strong>Fidelibus</strong></span> <span class='ocrx_word' id='word_1_163' title='bbox 394 1526 527 1557; x_wconf 84' lang='lat' dir='ltr'><strong>donaria</strong></span> 
     </span>
     <span class='ocr_line' id='line_1_44' title="bbox 203 1570 520 1606; baseline -0.003 0"><span class='ocrx_word' id='word_1_164' title='bbox 203 1574 312 1606; x_wconf 85' lang='lat' dir='ltr'><strong>Salute</strong></span> <span class='ocrx_word' id='word_1_165' title='bbox 335 1570 520 1605; x_wconf 88' lang='lat' dir='ltr'><strong>multifaria.</strong></span> 
     </span>
    </p>
   </div>
   <div class='ocr_carea' id='block_1_17' title="bbox 144 1647 634 1823">
    <p class='ocr_par' dir='ltr' id='par_1_20' title="bbox 144 1647 634 1823">
     <span class='ocr_line' id='line_1_45' title="bbox 144 1647 633 1689; baseline -0.006 -8"><span class='ocrx_word' id='word_1_166' title='bbox 144 1652 174 1682; x_wconf 83' lang='lat'><strong>2.</strong></span> <span class='ocrx_word' id='word_1_167' title='bbox 201 1649 252 1681; x_wconf 82' lang='lat' dir='ltr'><strong>Ex</strong></span> <span class='ocrx_word' id='word_1_168' title='bbox 278 1658 339 1689; x_wconf 88' lang='lat' dir='ltr'><strong>qua</strong></span> <span class='ocrx_word' id='word_1_169' title='bbox 362 1648 519 1688; x_wconf 86' lang='lat' dir='ltr'><strong>processit.</strong></span> <span class='ocrx_word' id='word_1_170' title='bbox 546 1647 633 1679; x_wconf 87' lang='lat' dir='ltr'><strong>edita</strong></span> 
     </span>
     <span class='ocr_line' id='line_1_46' title="bbox 199 1694 634 1734; baseline -0.007 -6"><span class='ocrx_word' id='word_1_171' title='bbox 199 1696 301 1728; x_wconf 83' lang='lat' dir='ltr'><strong>Beata</strong></span> <span class='ocrx_word' id='word_1_172' title='bbox 323 1695 465 1734; x_wconf 79' lang='lat' dir='ltr'><strong>Martha,</strong></span> <span class='ocrx_word' id='word_1_173' title='bbox 487 1694 634 1734; x_wconf 87' lang='lat' dir='ltr'><strong>praedita</strong></span> 
     </span>
     <span class='ocr_line' id='line_1_47' title="bbox 201 1742 585 1783; baseline -0.01 -7"><span class='ocrx_word' id='word_1_174' title='bbox 201 1742 390 1776; x_wconf 88' lang='lat' dir='ltr'><strong>Parentibus</strong></span> <span class='ocrx_word' id='word_1_175' title='bbox 415 1742 585 1783; x_wconf 83' lang='lat' dir='ltr'><strong>regalibus,</strong></span> 
     </span>
     <span class='ocr_line' id='line_1_48' title="bbox 203 1789 580 1823; baseline -0.005 0"><span class='ocrx_word' id='word_1_176' title='bbox 203 1790 387 1823; x_wconf 86' lang='lat' dir='ltr'><strong>Clarissima</strong></span> <span class='ocrx_word' id='word_1_177' title='bbox 411 1789 580 1821; x_wconf 83' lang='lat' dir='ltr'><strong>natalibus,</strong></span> 
     </span>
    </p>
   </div>
   <div class='ocr_carea' id='block_1_18' title="bbox 144 1863 617 2040">
    <p class='ocr_par' dir='ltr' id='par_1_21' title="bbox 144 1863 617 2040">
     <span class='ocr_line' id='line_1_49' title="bbox 144 1863 617 1904; baseline -0.013 -4"><span class='ocrx_word' id='word_1_178' title='bbox 144 1869 175 1900; x_wconf 87' lang='lat'><strong>3.</strong></span> <span class='ocrx_word' id='word_1_179' title='bbox 201 1866 292 1898; x_wconf 82' lang='lat' dir='ltr'><strong>Haeo</strong></span> <span class='ocrx_word' id='word_1_180' title='bbox 316 1865 407 1896; x_wconf 87' lang='lat' dir='ltr'><strong>annis</strong></span> <span class='ocrx_word' id='word_1_181' title='bbox 432 1863 617 1904; x_wconf 82' lang='lat' dir='ltr'><strong>puerilibus,</strong></span> 
     </span>
     <span class='ocr_line' id='line_1_50' title="bbox 203 1911 576 1952; baseline -0.008 -7"><span class='ocrx_word' id='word_1_182' title='bbox 203 1912 397 1952; x_wconf 76' lang='lat' dir='ltr'><strong>Senioribus,</strong></span> <span class='ocrx_word' id='word_1_183' title='bbox 423 1911 576 1944; x_wconf 87' lang='lat' dir='ltr'><strong>senilibus</strong></span> 
     </span>
     <span class='ocr_line' id='line_1_51' title="bbox 203 1958 601 2002; baseline -0.005 -9"><span class='ocrx_word' id='word_1_184' title='bbox 203 1960 348 2002; x_wconf 79' lang='lat' dir='ltr'><strong>Signavit</strong></span> <span class='ocrx_word' id='word_1_185' title='bbox 372 1968 407 1992; x_wconf 87' lang='lat' dir='ltr'><strong>se</strong></span> <span class='ocrx_word' id='word_1_186' title='bbox 430 1958 601 1992; x_wconf 84' lang='lat' dir='ltr'><strong>virtutibus</strong></span> 
     </span>
     <span class='ocr_line' id='line_1_52' title="bbox 200 2006 598 2040; baseline -0.003 0"><span class='ocrx_word' id='word_1_187' title='bbox 200 2008 238 2040; x_wconf 88' lang='lat' dir='ltr'><strong>In</strong></span> <span class='ocrx_word' id='word_1_188' title='bbox 263 2007 401 2040; x_wconf 86' lang='lat' dir='ltr'><strong>omnium</strong></span> <span class='ocrx_word' id='word_1_189' title='bbox 427 2006 598 2039; x_wconf 86' lang='lat' dir='ltr'><strong>obtutibus.</strong></span> 
     </span>
    </p>
   </div>
   <div class='ocr_carea' id='block_1_19' title="bbox 142 2082 641 2260">
    <p class='ocr_par' dir='ltr' id='par_1_22' title="bbox 142 2082 641 2260">
     <span class='ocr_line' id='line_1_53' title="bbox 142 2082 641 2124; baseline -0.012 -5"><span class='ocrx_word' id='word_1_190' title='bbox 142 2088 174 2119; x_wconf 87' lang='lat'><strong>4.</strong></span> <span class='ocrx_word' id='word_1_191' title='bbox 203 2084 401 2124; x_wconf 81' lang='lat' dir='ltr'><strong>Contemptis</strong></span> <span class='ocrx_word' id='word_1_192' title='bbox 425 2082 641 2124; x_wconf 83' lang='lat' dir='ltr'><strong>voluptatibus</strong></span> 
     </span>
     <span class='ocr_line' id='line_1_54' title="bbox 197 2130 592 2164; baseline -0.005 0"><span class='ocrx_word' id='word_1_193' title='bbox 197 2132 242 2164; x_wconf 82' lang='lat' dir='ltr'><strong>Et</strong></span> <span class='ocrx_word' id='word_1_194' title='bbox 264 2131 375 2164; x_wconf 87' lang='lat' dir='ltr'><strong>mundi</strong></span> <span class='ocrx_word' id='word_1_195' title='bbox 400 2130 592 2163; x_wconf 80' lang='lat' dir='ltr'><strong>vanitatibus</strong></span> 
     </span>
     <span class='ocr_line' id='line_1_55' title="bbox 197 2177 582 2218; baseline -0.01 -6"><span class='ocrx_word' id='word_1_196' title='bbox 197 2179 322 2213; x_wconf 79' lang='lat' dir='ltr'><strong>Devota</strong></span> <span class='ocrx_word' id='word_1_197' title='bbox 346 2178 449 2210; x_wconf 87' lang='lat' dir='ltr'><strong>Deum</strong></span> <span class='ocrx_word' id='word_1_198' title='bbox 475 2177 582 2218; x_wconf 73' lang='lat' dir='ltr'><strong>coluit,</strong></span> 
     </span>
     <span class='ocr_line' id='line_1_56' title="bbox 203 2224 582 2260; baseline 0 -1"><span class='ocrx_word' id='word_1_199' title='bbox 203 2227 263 2260; x_wconf 90' lang='lat' dir='ltr'><strong>Cui</strong></span> <span class='ocrx_word' id='word_1_200' title='bbox 287 2225 448 2259; x_wconf 88' lang='lat' dir='ltr'><strong>foederari</strong></span> <span class='ocrx_word' id='word_1_201' title='bbox 473 2224 582 2259; x_wconf 79' lang='lat' dir='ltr'><strong>voluit.</strong></span> 
     </span>
    </p>
   </div>
   <div class='ocr_carea' id='block_1_20' title="bbox 141 2302 586 2389">
    <p class='ocr_par' dir='ltr' id='par_1_23' title="bbox 141 2302 586 2389">
     <span class='ocr_line' id='line_1_57' title="bbox 141 2302 577 2342; baseline -0.011 -4"><span class='ocrx_word' id='word_1_202' title='bbox 141 2306 172 2338; x_wconf 83' lang='lat'><strong>5.</strong></span> <span class='ocrx_word' id='word_1_203' title='bbox 197 2303 269 2335; x_wconf 86' lang='lat' dir='ltr'><strong>Hae</strong></span> <span class='ocrx_word' id='word_1_204' title='bbox 291 2302 450 2342; x_wconf 75' lang='lat' dir='ltr'><strong>inspirata.</strong></span> <span class='ocrx_word' id='word_1_205' title='bbox 474 2302 577 2341; x_wconf 77' lang='lat' dir='ltr'><strong>gratia</strong></span> 
     </span>
     <span class='ocr_line' id='line_1_58' title="bbox 196 2348 586 2389; baseline -0.008 -6"><span class='ocrx_word' id='word_1_206' title='bbox 196 2351 312 2387; x_wconf 80' lang='lat' dir='ltr'><strong>Mundi</strong></span> <span class='ocrx_word' id='word_1_207' title='bbox 336 2349 441 2384; x_wconf 81' lang='lat' dir='ltr'><strong>cordis</strong></span> <span class='ocrx_word' id='word_1_208' title='bbox 465 2348 586 2389; x_wconf 83' lang='lat' dir='ltr'><strong>palatia</strong></span> 
     </span>
    </p>
   </div>
   <div class='ocr_carea' id='block_1_21' title="bbox 842 1371 1320 1413">
    <p class='ocr_par' dir='ltr' id='par_1_24' title="bbox 842 1371 1320 1413">
     <span class='ocr_line' id='line_1_59' title="bbox 842 1371 1320 1413; baseline -0.008 -6"><span class='ocrx_word' id='word_1_209' title='bbox 842 1398 849 1406; x_wconf 98' lang='lat'>.</span> <span class='ocrx_word' id='word_1_210' title='bbox 881 1374 906 1406; x_wconf 92' lang='lat' dir='ltr'>O</span> <span class='ocrx_word' id='word_1_211' title='bbox 932 1381 1081 1412; x_wconf 82' lang='lat' dir='ltr'><strong>germana</strong></span> <span class='ocrx_word' id='word_1_212' title='bbox 1100 1371 1320 1413; x_wconf 84' lang='lat' dir='ltr'><strong>Magdalenae,</strong></span> 
     </span>
    </p>
   </div>
   <div class='ocr_carea' id='block_1_22' title="bbox 882 1418 1355 1552">
    <p class='ocr_par' dir='ltr' id='par_1_25' title="bbox 882 1418 1355 1552">
     <span class='ocr_line' id='line_1_60' title="bbox 882 1418 1298 1460; baseline -0.005 -9"><span class='ocrx_word' id='word_1_213' title='bbox 882 1419 969 1451; x_wconf 84' lang='lat' dir='ltr'><strong>Tuae</strong></span> <span class='ocrx_word' id='word_1_214' title='bbox 993 1419 1097 1460; x_wconf 85' lang='lat' dir='ltr'><strong>precis</strong></span> <span class='ocrx_word' id='word_1_215' title='bbox 1123 1418 1298 1451; x_wconf 85' lang='lat' dir='ltr'><strong>cantilenae</strong></span> 
     </span>
     <span class='ocr_line' id='line_1_61' title="bbox 884 1465 1355 1505; baseline -0.004 -7"><span class='ocrx_word' id='word_1_216' title='bbox 884 1467 1046 1498; x_wconf 80' lang='lat' dir='ltr'><strong>Resonent</strong></span> <span class='ocrx_word' id='word_1_217' title='bbox 1066 1465 1102 1496; x_wconf 85' lang='lat' dir='ltr'><strong>in</strong></span> <span class='ocrx_word' id='word_1_218' title='bbox 1126 1473 1202 1497; x_wconf 83' lang='lat' dir='ltr'><strong>aure</strong></span> <span class='ocrx_word' id='word_1_219' title='bbox 1227 1465 1355 1505; x_wconf 78' lang='lat' dir='ltr'><strong>Christi,</strong></span> 
     </span>
     <span class='ocr_line' id='line_1_62' title="bbox 883 1510 1251 1552; baseline -0.005 -7"><span class='ocrx_word' id='word_1_220' title='bbox 883 1513 977 1546; x_wconf 90' lang='lat' dir='ltr'><strong>Cuius</strong></span> <span class='ocrx_word' id='word_1_221' title='bbox 1003 1512 1130 1552; x_wconf 86' lang='lat' dir='ltr'><strong>hospita</strong></span> <span class='ocrx_word' id='word_1_222' title='bbox 1152 1510 1251 1552; x_wconf 75' lang='lat' dir='ltr'><strong>fuist-i,</strong></span> 
     </span>
    </p>
   </div>
   <div class='ocr_carea' id='block_1_23' title="bbox 841 1558 1358 1602">
    <p class='ocr_par' dir='ltr' id='par_1_26' title="bbox 841 1558 1358 1602">
     <span class='ocr_line' id='line_1_63' title="bbox 841 1558 1358 1602; baseline 0 -12"><span class='ocrx_word' id='word_1_223' title='bbox 841 1583 848 1590; x_wconf 92' lang='lat'>.</span> <span class='ocrx_word' id='word_1_224' title='bbox 881 1561 957 1602; x_wconf 81' lang='lat' dir='ltr'><strong>Fac,</strong></span> <span class='ocrx_word' id='word_1_225' title='bbox 983 1563 1019 1591; x_wconf 82' lang='lat' dir='ltr'><strong>ut</strong></span> <span class='ocrx_word' id='word_1_226' title='bbox 1042 1568 1099 1591; x_wconf 88' lang='lat' dir='ltr'><strong>nos</strong></span> <span class='ocrx_word' id='word_1_227' title='bbox 1124 1558 1164 1591; x_wconf 90' lang='lat' dir='ltr'><strong>ab</strong></span> <span class='ocrx_word' id='word_1_228' title='bbox 1190 1560 1256 1591; x_wconf 86' lang='lat' dir='ltr'><strong>orci</strong></span> <span class='ocrx_word' id='word_1_229' title='bbox 1280 1568 1358 1591; x_wconf 86' lang='lat' dir='ltr'><strong>nece</strong></span> 
     </span>
    </p>
   </div>
   <div class='ocr_carea' id='block_1_24' title="bbox 882 1606 1307 1646">
    <p class='ocr_par' dir='ltr' id='par_1_27' title="bbox 882 1606 1307 1646">
     <span class='ocr_line' id='line_1_64' title="bbox 882 1606 1307 1646; baseline 0.002 -7"><span class='ocrx_word' id='word_1_230' title='bbox 882 1607 990 1640; x_wconf 79' lang='lat' dir='ltr'><strong>Salvet.</strong></span> <span class='ocrx_word' id='word_1_231' title='bbox 1013 1606 1099 1639; x_wconf 90' lang='lat' dir='ltr'><strong>Deus</strong></span> <span class='ocrx_word' id='word_1_232' title='bbox 1124 1609 1180 1638; x_wconf 81' lang='lat' dir='ltr'><strong>tua</strong></span> <span class='ocrx_word' id='word_1_233' title='bbox 1202 1614 1307 1646; x_wconf 80' lang='lat' dir='ltr'><strong>prece.</strong></span> 
     </span>
    </p>
   </div>
   <div class='ocr_carea' id='block_1_25' title="bbox 1000 1698 1246 1736">
    <p class='ocr_par' dir='ltr' id='par_1_28' title="bbox 1000 1698 1246 1736">
     <span class='ocr_line' id='line_1_65' title="bbox 1000 1698 1246 1736; baseline -0.004 -8"><span class='ocrx_word' id='word_1_234' title='bbox 1000 1700 1047 1728; x_wconf 77' lang='lat' dir='ltr'><strong>Ad</strong></span> <span class='ocrx_word' id='word_1_235' title='bbox 1066 1698 1246 1736; x_wconf 78' lang='lat' dir='ltr'><strong>Mag-nificat.</strong></span> 
     </span>
    </p>
   </div>
   <div class='ocr_carea' id='block_1_26' title="bbox 843 1775 1241 1817">
    <p class='ocr_par' dir='ltr' id='par_1_29' title="bbox 843 1775 1241 1817">
     <span class='ocr_line' id='line_1_66' title="bbox 843 1775 1241 1817; baseline -0.005 -7"><span class='ocrx_word' id='word_1_236' title='bbox 843 1802 851 1810; x_wconf 82' lang='grc'><strong>.</strong></span> <span class='ocrx_word' id='word_1_237' title='bbox 881 1776 1054 1809; x_wconf 76' lang='lat' dir='ltr'><strong>Distribuit</strong></span> <span class='ocrx_word' id='word_1_238' title='bbox 1078 1775 1241 1817; x_wconf 71' lang='lat' dir='ltr'><strong>egentibus</strong></span> 
     </span>
    </p>
   </div>
   <div class='ocr_carea' id='block_1_27' title="bbox 882 1823 1382 1952">
    <p class='ocr_par' dir='ltr' id='par_1_30' title="bbox 882 1823 1382 1952">
     <span class='ocr_line' id='line_1_67' title="bbox 882 1823 1290 1865; baseline -0.007 -8"><span class='ocrx_word' id='word_1_239' title='bbox 882 1825 966 1865; x_wconf 85' lang='lat' dir='ltr'><strong>Opes</strong></span> <span class='ocrx_word' id='word_1_240' title='bbox 991 1832 1065 1856; x_wconf 83' lang='lat' dir='ltr'><strong>suas</strong></span> <span class='ocrx_word' id='word_1_241' title='bbox 1090 1826 1123 1855; x_wconf 81' lang='lat' dir='ltr'><strong>et</strong></span> <span class='ocrx_word' id='word_1_242' title='bbox 1144 1823 1290 1864; x_wconf 80' lang='lat' dir='ltr'><strong>gentibus</strong></span> 
     </span>
     <span class='ocr_line' id='line_1_68' title="bbox 882 1871 1382 1913; baseline -0.004 -9"><span class='ocrx_word' id='word_1_243' title='bbox 882 1871 995 1904; x_wconf 89' lang='lat' dir='ltr'><strong>Fidem</strong></span> <span class='ocrx_word' id='word_1_244' title='bbox 1017 1872 1090 1904; x_wconf 89' lang='lat' dir='ltr'><strong>Iesu</strong></span> <span class='ocrx_word' id='word_1_245' title='bbox 1112 1871 1231 1903; x_wconf 88' lang='lat' dir='ltr'><strong>Christi</strong></span> <span class='ocrx_word' id='word_1_246' title='bbox 1255 1872 1382 1913; x_wconf 87' lang='lat' dir='ltr'><strong>sparsit,</strong></span> 
     </span>
     <span class='ocr_line' id='line_1_69' title="bbox 882 1919 1262 1952; baseline 0 0"><span class='ocrx_word' id='word_1_247' title='bbox 882 1921 921 1952; x_wconf 89' lang='lat' dir='ltr'><strong>In</strong></span> <span class='ocrx_word' id='word_1_248' title='bbox 945 1927 1053 1951; x_wconf 85' lang='lat' dir='ltr'><strong>amore</strong></span> <span class='ocrx_word' id='word_1_249' title='bbox 1075 1919 1150 1951; x_wconf 85' lang='lat' dir='ltr'><strong>Iesu</strong></span> <span class='ocrx_word' id='word_1_250' title='bbox 1174 1919 1262 1952; x_wconf 84' lang='lat' dir='ltr'><strong>arsit.</strong></span> 
     </span>
    </p>
   </div>
   <div class='ocr_carea' id='block_1_28' title="bbox 948 2031 1296 2065">
    <p class='ocr_par' dir='ltr' id='par_1_31' title="bbox 948 2031 1296 2065">
     <span class='ocr_line' id='line_1_70' title="bbox 948 2031 1296 2065; baseline -0.006 -1"><span class='ocrx_word' id='word_1_251' title='bbox 948 2032 1011 2065; x_wconf 85' lang='lat' dir='ltr'><strong>Ad</strong></span> <span class='ocrx_word' id='word_1_252' title='bbox 1031 2031 1296 2064; x_wconf 78' lang='lat' dir='ltr'><strong>Matutinum.</strong></span> 
     </span>
    </p>
   </div>
   <div class='ocr_carea' id='block_1_29' title="bbox 1018 2125 1234 2153">
    <p class='ocr_par' dir='ltr' id='par_1_32' title="bbox 1018 2125 1234 2153">
     <span class='ocr_line' id='line_1_71' title="bbox 1018 2125 1234 2153; baseline -0.009 0"><span class='ocrx_word' id='word_1_253' title='bbox 1018 2125 1234 2153; x_wconf 78' lang='lat' dir='ltr'><strong>Invitatorium.</strong></span> 
     </span>
    </p>
   </div>
   <div class='ocr_carea' id='block_1_30' title="bbox 882 2200 1380 2378">
    <p class='ocr_par' dir='ltr' id='par_1_33' title="bbox 882 2200 1380 2378">
     <span class='ocr_line' id='line_1_72' title="bbox 883 2200 1316 2235; baseline -0.005 0"><span class='ocrx_word' id='word_1_254' title='bbox 883 2202 1092 2235; x_wconf 83' lang='lat' dir='ltr'><strong>Prooidentes</strong></span> <span class='ocrx_word' id='word_1_255' title='bbox 1117 2202 1191 2232; x_wconf 78' lang='lat' dir='ltr'><strong>ante</strong></span> <span class='ocrx_word' id='word_1_256' title='bbox 1214 2200 1316 2233; x_wconf 86' lang='lat' dir='ltr'><strong>Deum</strong></span> 
     </span>
     <span class='ocr_line' id='line_1_73' title="bbox 883 2250 1298 2287; baseline -0.005 -5"><span class='ocrx_word' id='word_1_257' title='bbox 883 2250 1062 2282; x_wconf 86' lang='lat' dir='ltr'><strong>Adoremus</strong></span> <span class='ocrx_word' id='word_1_258' title='bbox 1086 2256 1193 2280; x_wconf 88' lang='lat' dir='ltr'><strong>omnes</strong></span> <span class='ocrx_word' id='word_1_259' title='bbox 1219 2257 1298 2287; x_wconf 90' lang='lat' dir='ltr'><strong>eum,</strong></span> 
     </span>
     <span class='ocr_line' id='line_1_74' title="bbox 883 2295 1380 2336; baseline 0 -8"><span class='ocrx_word' id='word_1_260' title='bbox 883 2298 965 2328; x_wconf 86' lang='lat' dir='ltr'><strong>Vota</strong></span> <span class='ocrx_word' id='word_1_261' title='bbox 987 2295 1136 2328; x_wconf 84' lang='lat' dir='ltr'><strong>Marthae</strong></span> <span class='ocrx_word' id='word_1_262' title='bbox 1160 2295 1213 2334; x_wconf 82' lang='lat' dir='ltr'><strong>qui</strong></span> <span class='ocrx_word' id='word_1_263' title='bbox 1237 2298 1380 2336; x_wconf 83' lang='lat' dir='ltr'><strong>respexit</strong></span> 
     </span>
     <span class='ocr_line' id='line_1_75' title="bbox 882 2342 1343 2378; baseline 0.002 -1"><span class='ocrx_word' id='word_1_264' title='bbox 882 2345 927 2377; x_wconf 82' lang='lat' dir='ltr'><strong>Et</strong></span> <span class='ocrx_word' id='word_1_265' title='bbox 949 2344 983 2375; x_wconf 92' lang='lat' dir='ltr'><strong>in</strong></span> <span class='ocrx_word' id='word_1_266' title='bbox 1008 2343 1110 2376; x_wconf 82' lang='lat' dir='ltr'><strong>caelos</strong></span> <span class='ocrx_word' id='word_1_267' title='bbox 1135 2342 1223 2375; x_wconf 89' lang='lat' dir='ltr'><strong>illam</strong></span> <span class='ocrx_word' id='word_1_268' title='bbox 1247 2344 1343 2378; x_wconf 81' lang='lat' dir='ltr'><strong>vexit.</strong></span> 
     </span>
    </p>
   </div>
  </div>
 </body>
</html>
