1655 2534
689 123 940 159 —275-

153 218 192 250 V.
221 218 317 251 Nova
342 221 427 252 iusto
453 221 510 252 lux
538 223 589 251 est
613 223 696 260 orta,

1042 218 1089 245 Ad
1107 219 1248 245 Tertiam.

225 266 360 299 Transit
383 268 503 307 luctus,
531 276 604 299 cum
621 267 780 307 absorpta
836 278 876 310 A·
907 276 972 308 Tel.
995 277 1131 316 exponit
1154 276 1287 308 verberi

272 313 365 346 Mors
392 317 443 346 est
466 314 501 345 in
526 315 677 346 victoria.

173 369 204 401 4.
231 369 343 410 Pater,
368 379 502 410 precum
525 370 560 402 in
584 370 649 401 hac
673 370 757 402 hora

272 417 337 449 Sub
363 417 470 449 noctis
496 417 627 449 silentio

226 463 351 496 Nostra
375 464 437 496 tibi
462 465 507 496 sit
533 464 655 496 decora

273 511 374 551 LauS,
400 512 535 551 placens
562 511 715 550 devotio,

228 557 282 590 Sic
308 558 510 590 concordent
533 567 625 590 mens
652 560 686 589 et
711 567 778 598 ora,

225 604 319 644 Quod
344 607 422 646 post
443 608 581 637 mortem
600 605 672 637 sine
688 614 780 637 mora

273 652 324 684 Tu
350 653 396 684 sis
419 654 536 684 nostra
559 652 680 692 portio.

156 699 194 731 V.
228 699 331 731 Pater
353 701 478 740 sancte,
503 708 636 739 gregem
660 698 740 730 fulci

228 746 331 778 Ducis
356 755 457 786 prece
482 749 539 777 tuo
567 746 655 778 dulci

274 793 344 825 Nos
369 792 484 825 fovens
509 793 544 824 in
569 793 703 832 gremio.

315 886 361 918 In
385 886 622 930 Laudibus.

344 959 438 995 Super
456 959 598 987 Psalmos.

156 1018 198 1050 A.
228 1018 351 1050 Vocem
373 1017 483 1049 laudis

274 1064 411 1097 affectus
435 1064 538 1096 iubilo

227 1112 299 1144 Deo
326 1112 458 1144 solvens

274 1162 319 1199 te,
345 1167 437 1199 grex,
463 1158 621 1198 exhilara,

223 1206 331 1238 Melos
359 1205 468 1237 cordis

276 1263 348 1285 cum
372 1253 463 1284 vocis
488 1252 584 1284 sibilo

225 1300 293 1332 Dat
316 1299 494 1332 iucundum

271 1348 438 1388 psalmum
464 1355 535 1378 cum
562 1346 699 1379 cithara.

344 1420 390 1447 Ad
409 1420 592 1448 Benedictus.

156 1479 198 1511 A.
229 1478 431 1511 Benedictus
456 1487 515 1513 rex
540 1478 694 1517 invictus,

274 1525 352 1558 Dux
376 1526 480 1565 patris
507 1525 548 1557 ad
573 1525 731 1565 bravium,

229 1573 292 1612 Qui
319 1571 489 1605 conflictus
515 1572 597 1604 vicit
618 1572 704 1603 ictus

274 1621 400 1654 Graves
424 1619 534 1652 ferens
556 1619 709 1659 hostium,

228 1668 275 1701 Ut
297 1668 331 1700 vi
354 1668 472 1699 mortis
498 1676 590 1698 arma
615 1666 711 1698 fortis

272 1715 455 1755 Frangens,
480 1715 568 1746 vires
594 1713 747 1754 sontium,

222 1763 293 1795 Nos
318 1762 353 1793 in
377 1762 483 1801 portis
510 1761 595 1793 ditet
618 1761 717 1793 sortis

274 1809 365 1841 Dans
392 1817 555 1849 supernae
581 1808 746 1848 gaudium.

350 1904 413 1936 Ad
438 1903 591 1936 Horas.

369 1978 414 2006 Ad
437 1978 576 2006 Primam.

154 2038 194 2071 A.
226 2037 338 2070 Primo
364 2046 459 2070 mane

271 2085 402 2117 iunctus
425 2085 579 2125 agricolis

229 2132 310 2165 Exit
335 2133 412 2165 vitis

273 2181 380 2221 patris
407 2179 450 2212 ad
477 2188 588 2220 opera,

226 2227 284 2260 Nil
312 2236 482 2260 commune

276 2284 394 2315 gerens
421 2284 494 2307 cum
519 2274 670 2307 subdolis

229 2322 326 2354 Diem
351 2325 465 2363 portat

276 2372 310 2402 et
336 2372 449 2402 aestus
474 2368 635 2410 pondera.

906 323 1081 355 Reducens
1106 324 1218 354 itineri

959 369 1038 402 Cum
1062 379 1156 410 mago
1181 370 1372 410 iumentum,

906 417 1010 457 Fami,
1035 415 1157 459 flagris,
1184 417 1287 457 operi,

910 463 1026 496 Carnis
1052 472 1211 504 quaerens
1238 464 1362 496 conteri

953 510 1114 543 Lascivae
1137 509 1344 542 fermentum.

1052 603 1098 630 Ad
1119 603 1245 631 Sextam.

836 672 875 704 A.
906 670 1007 702 Sexta
1030 670 1114 702 fiunt
1136 670 1304 710 tenebrae,

955 718 1042 750 Dum
1068 727 1123 750 cor
1146 716 1373 756 inflammatur,

907 767 945 798 In
972 774 1035 805 qua
1061 767 1174 797 sancto
1201 764 1330 796 celebre

954 812 1081 844 Nomen
1108 812 1301 851 occultatur,

907 859 959 891 Ne
985 858 1064 898 quid
1090 860 1224 890 cernant
1246 857 1426 897 palpebrae

955 906 1024 944 Quo
1050 914 1142 937 mens
1170 904 1361 936 extollatur.

1052 996 1099 1023 Ad
1118 997 1243 1024 Nonam.

835 1065 875 1097 A.
906 1065 1033 1097 Novem
1057 1065 1146 1105 regis
1173 1064 1357 1096 cubitorum

953 1111 1110 1144 Lectulus
1136 1110 1331 1150 ostenditur,

907 1158 987 1191 Cum
1013 1158 1162 1191 coetibus
1189 1158 1380 1198 angelorum

952 1205 1079 1238 Novem
1102 1205 1235 1246 praesul
1257 1205 1406 1244 iungitur

909 1253 978 1292 Quo
1005 1253 1117 1293 quiete
1142 1255 1220 1293 post
1243 1252 1393 1283 laborum

953 1301 1078 1332 Aestus
1102 1299 1173 1331 Deo
1198 1297 1329 1332 fruitur.

970 1441 1018 1473 In
1044 1442 1076 1474 2.
1101 1441 1325 1480 Vesperis.

1051 1543 1246 1579 Antiphonae.

851 1622 879 1655 1.
905 1622 1007 1654 Mane
1033 1622 1203 1654 nobiscum
1227 1629 1384 1662 vespere,

952 1670 1004 1702 Ne
1027 1678 1094 1701 nox
1112 1669 1273 1709 subrepat
1289 1669 1461 1708 scelerum,

906 1717 997 1750 Dans
1022 1726 1159 1757 precum
1183 1717 1288 1757 patris
1313 1724 1448 1748 munere

954 1765 1079 1797 Rectos
1097 1773 1295 1805 progressus
1315 1771 1460 1804 operum.

851 1824 882 1854 2.
910 1822 1000 1863 Agat
1025 1831 1082 1854 cor
1106 1822 1187 1862 vigil
1213 1821 1336 1862 spiritu

952 1869 1064 1910 Vices,
1077 1869 1154 1901 dum
1162 1870 1306 1909 pausant
1315 1875 1455 1907 corpora

909 1917 996 1950 Litis
1022 1917 1130 1957 sopito
1156 1916 1298 1956 strepitu

955 1964 1056 1997 Pacis
1091 1963 1272 1996 succedant
1303 1965 1465 2002 tempora.

850 2023 881 2054 3.
908 2020 1008 2053 Nullo
1035 2021 1101 2052 iam
1125 2020 1191 2052 fine
1218 2019 1385 2052 clauditur

959 2068 1084 2100 Vivens
1110 2068 1191 2100 iusti
1215 2066 1383 2106 memoria,

911 2116 1011 2149 Cuius
1036 2115 1159 2155 ubique
1183 2113 1351 2155 spargitur

958 2162 1088 2195 Lucens
1115 2163 1283 2202 signorum
1310 2160 1427 2201 gloria.

854 2222 886 2253 4.
911 2220 1005 2253 Mors
1030 2220 1065 2252 in
1090 2219 1219 2259 piscina
1243 2219 1372 2250 corruit

959 2268 1136 2308 Languens
1150 2266 1211 2300 sub
1227 2266 1298 2298 eius
1311 2265 1465 2306 pedibus,

914 2316 1026 2358 Opem,
1054 2324 1119 2355 qua
1145 2314 1272 2346 cunctis
1299 2312 1416 2354 affluit,

960 2363 1082 2396 Pastor
1107 2371 1173 2394 non
1193 2363 1295 2402 neget
1320 2361 1449 2394 ovibus.

1243 2415 1302 2447 18*
