1655 2534
599 70 853 106 —149—-

140 160 331 202 Coetumque
354 163 420 195 eius
444 163 585 196 inclitum

187 210 270 242 Puro
296 211 392 242 corde
415 211 590 245 laudemus,

200 350 245 382 In
273 349 303 384 1.
330 350 387 382 No
399 353 559 385 etur-no.

283 424 477 461 Antiphonae.

81 490 113 524 1.
140 490 249 523 Sancti
273 491 438 524 Francisci
462 491 588 524 suboles

185 538 270 570 Mire
293 537 537 579 fructificamnt,

141 584 259 617 Cruor-e
283 584 354 617 fuso
377 585 499 617 nobiles

188 632 251 664 Pro
278 632 403 664 Christo
428 640 464 663 se
487 634 659 665 armarunt.

81 698 113 730 2,
137 696 293 730 Fremant
318 700 349 728 et
372 700 482 737 gentes
505 697 662 730 barbarae

141 763 144 766 -
184 744 303 784 Figunt
325 745 445 787 plagas,
470 744 587 786 ulcera,

138 789 203 822 Sed
228 791 330 822 sancti
355 790 455 822 clausi
480 799 607 822 carcere

184 836 376 870 Praedicant
400 837 518 869 Christi
547 838 689 870 vulnera.

80 903 112 935 3.
139 902 315 935 Conterunt
337 902 450 942 populi
474 901 606 942 frontes,

182 948 344 982 Mahomet
368 949 577 989 seductorem,

137 996 297 1029 Christum
320 994 490 1027 Dominum
514 996 654 1027 insontes

184 1043 268 1075 Dum
294 1043 432 1074 clamant
447 1043 688 1081 redemptorem.

277 1136 482 1172 Responsoria.

83 1206 114 1238 1.
142 1204 287 1238 Victores
313 1203 432 1236 Christi
456 1201 609 1242 sanguine

188 1251 255 1283 Visi
279 1254 353 1282 sunt
374 1249 528 1289 ampliare

138 1297 254 1330 Fidem
279 1297 345 1329 eius
368 1304 448 1336 prae
472 1296 607 1335 agmine,

188 1345 270 1377 Prae
293 1343 358 1376 fido
385 1341 552 1376 defensore

140 1392 246 1431 Atque
270 1391 371 1432 patris
397 1390 568 1430 spiramine

186 1439 325 1470 Abunde
350 1436 532 1476 fecundare,

70 1484 105 1518 V.
137 1484 260 1518 Sectam
287 1484 443 1517 funestam
468 1483 598 1515 minime

142 1533 273 1573 Captam
299 1535 401 1564 taetro
426 1529 581 1563 foramine

188 1579 376 1612 Constanter
398 1577 583 1618 reprobare.

82 1646 113 1677 2.
139 1644 284 1678 Lustrati
307 1644 387 1676 lucis
412 1642 543 1675 foedere

182 1692 257 1724 Zelo
282 1690 418 1732 flagrant
440 1690 610 1730 ferventes,

140 1739 256 1771 Terras
280 1739 452 1770 immanum
475 1740 595 1777 petere,

184 1785 405 1825 Invaduntque
430 1784 590 1818 clementes

139 1834 189 1866 Ac
215 1836 339 1865 cessent
363 1841 382 1865 a
406 1832 536 1874 scelere,

185 1880 236 1913 Ne
259 1889 337 1913 aevo
362 1881 427 1912 sint
450 1881 619 1920 gementes,

67 1929 104 1962 V.
137 1928 338 1962 Circumeunt
364 1929 411 1959 sic
434 1929 562 1964 metere²

136 1976 295 2010 Christum
320 1984 427 2015 regem
451 1975 483 2006 in
505 1976 635 2006 aethere

187 2024 364 2058 Convenire
387 2023 554 2055 laetantes.

78 2093 110 2124 3.
135 2090 232 2131 Regis
256 2090 375 2123 adeunt
399 2090 498 2123 aciem

182 2136 357 2171 Obscenam
380 2137 526 2178 veritate,

138 2185 256 2218 Christi
279 2187 413 2217 mortem
437 2186 471 2217 in
495 2183 595 2216 aciem

187 2232 276 2267 vana
300 2233 480 2266 temeritate

136 2281 287 2321 suadent,
312 2289 353 2313 ne
376 2281 461 2314 levet
485 2278 599 2312 faciem

184 2328 303 2361 Severa
326 2329 475 2369 vanitate,

749 167 787 200 V.
819 167 965 199 Pandunt
991 166 1078 200 focos
1105 171 1137 200 et
1160 169 1291 209 glaciem

818 214 1029 254 Furentisque
1054 215 1216 248 saevitiem

866 260 1031 301 Simplices
1054 262 1203 301 puritate.

879 401 922 433 In
950 404 970 435 2
1007 401 1065 433 No
1079 404 1239 434 cturno.

959 475 1152 510 Antiphonae.

762 542 793 573 1.
819 540 1000 573 Pertractos
1025 542 1126 582 plagis
1152 542 1300 574 verberat

867 588 941 619 Plus
964 589 1107 621 saeviens
1131 590 1286 630 immanis,

821 635 1007 668 Constantes
1031 634 1096 667 fide
1122 640 1273 678 carcerat,

867 682 1011 714 Macerat
1033 690 1111 714 nece
1136 684 1237 723 panis

762 739 793 770 2.
819 737 913 770 Furit
936 740 1088 778 tyrannus
1112 740 1271 780 romphea,

867 784 931 816 Sed
955 786 1072 817 mulsus
1097 795 1155 824 per
1180 786 1279 817 filium

820 831 995 871 Tectosque
1020 831 1136 863 Christi
1163 833 1251 872 galea

866 877 963 910 Pellit
985 878 1018 909 in
1044 879 1198 912 exsilium.

761 934 792 966 3.
818 933 936 964 Lacteo
961 942 1016 965 ore
1037 933 1193 965 infantum

867 978 1026 1012 Christum
1043 979 1145 1012 Deum
1158 981 1364 1022 proclamant,

818 1026 931 1058 Fretos
955 1035 1043 1058 more
1068 1028 1243 1059 elevantum

866 1073 934 1105 Tau
959 1074 1059 1105 crucis
1084 1083 1141 1113 spe
1166 1083 1200 1106 se
1232 1074 1369 1110 firmant,

955 1156 1162 1193 Responsoria.

762 1223 792 1255 1.
818 1223 905 1263 Ignis
930 1222 1055 1255 fervent
1077 1224 1225 1256 incendio

866 1270 955 1309 Rege
978 1279 1081 1302 coram
1107 1270 1247 1311 sordido,

913 1317 1097 1349 Caeduntur
1109 1319 1212 1358 plaga,
1227 1317 1368 1360 verbere,

819 1363 889 1395 Nec
914 1362 1154 1404 confringuntur
1179 1366 1283 1397 taedio

865 1410 935 1442 Nec
958 1409 1067 1442 furore
1090 1411 1234 1444 morbido

914 1456 1039 1489 Refecti
1062 1459 1156 1497 plene
1179 1459 1288 1500 ubere,

749 1505 786 1537 V.
817 1504 936 1536 Christi
960 1505 1021 1536 tuti
1038 1505 1200 1544 praesidio

865 1551 993 1584 Rubent
1019 1553 1109 1584 vultu
1132 1550 1245 1584 florido

912 1597 1090 1631 Deit'ormes
1114 1608 1252 1634 munere,

762 1656 793 1689 2.
818 1654 929 1687 Crucis
955 1655 1072 1688 Christi
1097 1656 1154 1688 sub
1182 1656 1297 1689 vexillo

867 1702 998 1735 Certant
1021 1704 1123 1735 sancti
1148 1704 1204 1735 abs
1222 1707 1369 1742 tremore,

914 1751 997 1789 Quos
1022 1750 1148 1782 intuens
1176 1750 1319 1791 despexit

818 1797 888 1829 Rex
915 1797 1057 1829 examine
1081 1797 1207 1838 pusillo,

867 1844 1008 1877 Fremuit
1036 1845 1175 1877 dentium
1201 1845 1341 1877 stridore

915 1892 1006 1925 Colla
1026 1890 1117 1924 firme
1142 1892 1293 1932 contexit,

750 1939 789 1971 V.
816 1938 1001 1971 Mactantur
1027 1939 1095 1971 <lire
1119 1939 1177 1971 sub
1202 1939 1268 1979 illo,

869 1985 1017 2019 Gaudent
1040 1987 1116 2018 laeti
1141 1986 1198 2018 sub
1225 1989 1355 2028 tortore,

914 2035 996 2073 Quos
1027 2031 1117 2065 ferox
1143 2035 1234 2075 spata
1259 2033 1370 2072 plexit.

763 2091 795 2123 3.
821 2090 972 2122 Victricis
995 2089 1107 2121 mortis
1132 2089 1254 2128 proelio

870 2136 1123 2176 Approximante
1148 2145 1247 2177 agone

915 2183 1063 2216 Gaudent
1087 2184 1288 2217 adnumerari

822 2230 967 2264 Candido
993 2230 1118 2263 Christo
1143 2231 1220 2275 lilio,

868 2279 949 2311 Fixo
974 2279 1104 2312 lanceae
1127 2287 1277 2311 mucrone

912 2325 1027 2358 Zelant
1053 2325 1251 2367 configurari,
