1655 2534
131 241 139 249 .
169 217 226 261 Te,
253 216 363 258 frater,
391 219 466 251 olim
490 229 639 254 noveram

218 265 385 298 Viventem
409 275 460 298 me
483 268 635 308 visurum,

175 311 301 344 Christo
329 314 461 345 docente
485 314 640 347 sciveram

219 358 274 391 Me
297 361 403 392 terrae
428 360 636 394 conditurum.

233 501 279 532 In
305 503 336 534 3.
361 500 590 535 Nocturno.

315 595 510 630 Antiphonae.

135 684 144 692 .
170 662 356 701 Ingressum
380 662 448 693 sine
474 661 604 693 crimine

218 708 346 740 Iustitia
371 708 510 750 decorat,

169 756 254 786 Actu
279 758 400 787 rectum
426 758 457 787 et
481 753 598 786 famine

219 801 350 833 Paulum
369 802 505 833 mundus
529 802 673 839 honorat,

167 849 267 881 Beato
294 848 412 881 Christi
437 848 555 880 lumine

214 894 313 933 Quem
337 895 439 935 gloria
463 898 602 927 coronat.

136 985 141 991 .
170 960 350 993 Virtutibus
377 963 409 991 et
430 960 552 1000 gratiae

216 1006 393 1039 Dulcedine
416 1010 633 1047 praeventum,

166 1054 237 1087 Rex
263 1053 388 1086 Christe
412 1062 551 1085 summae
575 1053 704 1094 gloriae,

214 1101 359 1142 Paulum,
386 1101 481 1132 caelis
503 1101 669 1138 intentum,

168 1149 329 1179 Aeternae
355 1148 434 1179 caeli
461 1148 567 1179 curiae

216 1194 370 1227 Perducis
395 1195 437 1226 ad
461 1197 659 1226 conventum.

134 1285 141 1292 .
166 1260 306 1300 Elongat
330 1261 382 1292 hic
407 1270 426 1291 a
450 1259 575 1292 turbine

212 1307 327 1339 Mundi
352 1308 471 1339 caduca
495 1309 611 1350 terens⁷

166 1354 279 1386 Manet
302 1354 335 1385 in
359 1354 531 1386 solitudine

215 1401 360 1441 Superna
384 1409 481 1441 regna
505 1409 669 1440 quaerem,

168 1448 262 1480 Omni
286 1449 379 1488 pulsa
403 1448 538 1488 caligine

215 1494 341 1527 Christo
366 1503 491 1535 semper
515 1494 694 1527 inhaerens,

302 1589 508 1625 Responsoria.

134 1682 141 1689 .
168 1655 288 1688 Orabat
311 1656 426 1696 hospes
450 1655 625 1694 hospitem:

213 1703 328 1735 Tecum
354 1703 477 1743 perduc
501 1702 542 1734 ad
568 1702 679 1742 Deum,

169 1750 194 1782 Ο
221 1750 330 1792 Paule,
356 1754 444 1781 tuum
468 1750 630 1790 comitem3

213 1797 332 1830 Paulus
357 1797 459 1836 inquit
483 1796 524 1828 ad
550 1805 636 1828 eum:

165 1844 212 1876 Te
239 1844 330 1875 decet
356 1842 473 1876 Christi
496 1844 628 1875 militem

211 1891 344 1923 Hostem
370 1891 494 1923 calcare
518 1899 616 1934 reum,

125 1965 131 1971 .
164 1940 315 1971 Fratrum
341 1941 528 1971 conventum
554 1947 664 1979 regere

213 1986 368 2025 Exemplo
393 1986 582 2026 sanctitatis,

169 2034 362 2073 Quamquam
385 2034 485 2074 magis
511 2033 628 2073 eligere

215 2081 264 2113 Sit
288 2082 401 2113 stolam
427 2080 590 2114 claritatis.

130 2174 137 2181 .
166 2147 297 2188 Quaeso,
326 2148 388 2179 iam
414 2147 482 2179 redi
508 2155 648 2187 propere

213 2195 351 2227 Laturus
376 2195 453 2226 mihi
477 2194 620 2235 pallium,

163 2242 253 2283 Quod
279 2245 403 2274 constat
427 2248 517 2282 grato
542 2250 672 2274 munere

210 2290 375 2330 Largitum
399 2289 619 2330 Athanasium,

162 2337 200 2369 In
224 2346 304 2378 meo,
329 2337 440 2379 frater,
466 2336 579 2372 funere

208 2386 391 2420 Humanum
413 2384 464 2417 fer
488 2384 674 2425 obsequium
686 2395 695 2424 ·‚

721 124 788 161 123
837 144 883 151 —-

780 222 816 255 V.

849 222 925 254 Cum
951 222 1041 254 audit
1064 222 1272 255 Athanasium

897 268 1000 300 Homo
1025 271 1152 301 sanctus
1177 272 1209 300 et
1231 269 1374 310 pallium,

852 315 1010 349 Christum
1034 315 1066 346 in
1093 316 1182 348 Pauli
1207 320 1335 355 pectore

895 362 1034 394 Miratur
1057 363 1137 394 vatis
1163 371 1268 402 opere.

849 419 1007 451 Reversus
1032 419 1074 450 ad
1098 418 1294 450 coenobium:

893 465 1069 505 Baptistam
1094 465 1170 505 vidi,
1196 464 1290 506 fatur,

848 512 1029 552 Iohannem,
1056 512 1174 544 Christi
1198 521 1288 551 praet
1297 513 1370 552 ium,

897 559 956 597 Qui
981 559 1068 590 silvis
1092 559 1285 599 immoratur,

850 605 943 638 Eliae
967 606 1033 638 vidi
1057 606 1190 638 similem

897 653 935 684 In
959 653 1090 692 paradio
1115 654 1217 696 situm,

852 700 995 740 Paulum,
1020 700 1137 732 mundo
1161 700 1346 744 mirabilem,

896 747 1022 778 Virtute
1046 747 1235 780 redimitum.

810 817 819 824 .
849 793 926 825 Cum
950 794 1045 832 redit,
1067 796 1103 824 ut
1127 793 1308 833 obsequium

897 840 1065 879 Impendat
1089 840 1300 880 imploratum,

850 887 938 918 Inter
962 889 1141 918 sanctorum
1166 887 1280 919 civium

898 931 1039 972 Collegia
1062 932 1189 964 beatum

849 979 997 1010 Divinum
1023 979 1064 1010 ad
1089 980 1278 1011 consortium

898 1024 1006 1057 Cernit
1029 1026 1108 1057 mire
1131 1027 1329 1058 translatum.

937 1138 953 1170 I
962 1147 982 1169 n
1006 1137 1035 1170 L
1042 1147 1060 1169 a
1068 1148 1089 1169 u
1100 1138 1119 1170 d
1129 1139 1140 1170 i
1149 1137 1169 1169 b
1180 1147 1199 1169 u
1208 1147 1233 1170 s.

989 1212 1183 1247 Antiphonae.

816 1294 823 1301 .
850 1269 1037 1302 Sanctorum
1061 1269 1145 1301 inter
1168 1270 1293 1309 agmina

896 1315 1126 1355 Splendoribus
1153 1320 1265 1348 ornata

850 1363 940 1395 Pauli
963 1364 1026 1394 iam
1050 1363 1176 1395 scandit
1199 1369 1303 1395 anima

897 1409 1015 1442 Christi
1042 1418 1138 1450 regna
1162 1414 1296 1449 sacrata,

849 1458 949 1497 Quam
974 1459 1085 1489 sancta
1108 1456 1189 1489 caeli
1214 1457 1350 1489 culmina

895 1504 1044 1536 Laudant
1067 1512 1144 1535 voce
1167 1504 1283 1537 levata.

816 1586 823 1593 .
850 1560 990 1600 Cervice,
1014 1568 1105 1600 genu,
1132 1560 1276 1592 manibus

897 1606 1063 1639 Exanimis
1089 1608 1203 1639 orabat

848 1655 1009 1694 Proteum,
1035 1653 1118 1686 flexo
1141 1655 1288 1694 precibus

893 1701 1022 1734 Levatis
1046 1702 1094 1733 sic
1116 1701 1265 1740 instabat,

848 1749 937 1788 Quod
962 1747 1063 1781 frater
1088 1749 1182 1781 claris
1208 1749 1326 1781 visibus

893 1796 1059 1828 Viventem
1084 1797 1282 1830 aestimabat.

813 1877 821 1884 .
845 1853 947 1885 Terra
970 1853 1107 1893 deserta,
1132 1853 1279 1893 squalida

893 1900 931 1933 In
957 1902 1066 1932 sancto
1091 1900 1138 1932 sic
1161 1903 1305 1940 apparet,

844 1948 966 1988 Adeps‚
993 1947 1169 1988 pringuedo
1194 1948 1302 1979 vivida

894 1994 1064 2034 Repletum
1083 1997 1120 2026 ut
1142 1992 1278 2036 afflaret,

848 2042 1007 2074 Christum
1030 2042 1064 2073 in
1089 2042 1171 2073 stola
1195 2040 1333 2072 candida

894 2088 1027 2120 Videret
1050 2091 1082 2119 et
1106 2091 1236 2121 amaret.

850 2147 992 2179 Leonum
1019 2144 1089 2177 dira
1114 2144 1224 2177 feritas

893 2192 1044 2231 Miteseit‚
1070 2194 1107 2223 ut
1130 2192 1274 2231 deploret

844 2238 1054 2280 Defunctum3
1080 2239 1161 2271 mira
1184 2239 1318 2280 novitas,

896 2286 938 2319 Ut
963 2287 1066 2319 bellua
1091 2286 1224 2327 laboret,

846 2334 937 2369 Pauli
963 2343 1023 2375 quo
1049 2343 1160 2366 carnes
1183 2334 1311 2366 inclita-s

893 2382 1115 2423 Sarcophagus
1138 2383 1282 2416 honoret.
