1655 2534
767 163 927 198 —276
980 181 1023 186 —

436 264 481 292 Ad
499 261 675 299 Magnificat-

250 315 291 347 A.
318 312 511 354 Magnificat

366 369 520 400 sponsum
542 359 577 390 in
599 355 730 389 numine

319 408 456 448 Sponsa,
483 406 573 438 cuius

364 454 453 485 trina
474 451 624 493 potentia

318 500 489 532 Trinitatis

367 546 520 587 splendet
543 543 695 583 imagine,

990 256 1112 288 Trinae
1138 254 1225 287 dotis

1037 303 1103 334 iam
1126 300 1256 342 fulgens
1282 298 1401 340 gloria,

990 350 1049 382 Pio
1075 349 1167 381 euius

1037 405 1176 436 sponsus
1201 392 1390 435 precamine

990 443 1059 476 Nos
1086 442 1229 475 ascribat

1039 490 1082 522 ad
1106 490 1194 522 vitae
1218 487 1376 528 praemia.

327 602 410 628 Brev.
435 609 487 627 ms.
508 600 709 632 Wettingense
737 603 811 622 saec.
835 591 879 621 13.
919 593 988 621 Cod.
1015 592 1192 627 Aaraugien.
1211 590 1251 616 W
1270 588 1296 615 7.
1318 588 1347 615 Α.
1366 602 1405 606 -
1423 586 1543 622 Antiph.

252 648 304 666 ms.
323 639 491 666 Hilariense
510 637 580 664 anni
601 632 682 662 1632.
717 633 784 660 Cod.
806 631 952 659 Hilarien.
971 630 1007 657 V.
1027 630 1060 657 B.
1074 629 1160 656 —In
1181 629 1203 654 B
1225 626 1320 654 fehlen
1334 625 1463 652 Matutin
1482 623 1543 651 und

253 676 375 704 Laudes.
402 690 438 695 —
462 675 504 701 In
531 672 556 701 1.
581 673 687 706 Vesp.
717 670 735 695 Α
763 667 787 703 1,
807 667 824 697 3
851 677 893 704 sq.
923 667 1004 700 Quae
1030 669 1118 702 caput
1137 666 1281 701 serpentis
1302 664 1428 690 conteris
1448 662 1483 688 B.
1507 676 1541 680 —

256 714 275 740 Α
307 711 333 746 3,
353 710 371 739 2
396 712 555 740 Guilelmus
582 710 614 737 B.
640 723 678 729 —-
703 707 755 735 Ad
779 707 886 734 Prim.
908 705 935 740 Α,
957 703 974 732 6
994 713 1059 732 eum
1081 704 1155 731 fehlt
1174 703 1207 730 B.
1228 718 1265 722 —
1284 701 1337 728 Ad
1356 701 1452 727 Tert.
1474 698 1502 732 Α,
1523 696 1542 726 3

255 751 325 778 Cum
349 751 380 776 in
405 757 497 784 agone
521 749 681 775 iumentum
708 746 740 772 B.
766 759 803 764 —
827 744 870 771 In
895 741 921 769 2.
948 743 1053 778 Vesp.
1082 742 1100 767 Α
1123 740 1149 775 1,
1169 739 1187 767 2
1206 740 1305 767 fratris
1325 739 1357 766 Β.
1378 752 1415 756 -—
1436 736 1455 762 Α
1476 734 1502 768 2,
1526 734 1542 763 1

253 788 337 823 vigili
362 787 394 814 B.
420 801 458 805 -
482 786 501 811 Α
521 783 547 819 3,
567 784 587 812 4
609 785 756 819 signorum
776 782 916 809 memoria
934 780 968 807 B.
989 794 1026 798 —
1045 780 1198 814 Hymnen:
1220 777 1266 805 Ad
1285 777 1443 811 Vesperas:
1476 774 1545 801 Iesu

252 832 358 852 corona
378 824 481 851 celsior
492 822 586 857 (Anal.
596 822 647 855 IV,
663 818 742 853 259¹}
761 819 808 846 Ad
822 818 975 853 Complet.:
997 817 1096 845 Enixa
1109 818 1154 844 est
1165 822 1308 851 puerpera
1320 812 1413 848 (Rom.
1424 811 1543 839 Forseh.

251 863 301 895 IV,
321 859 401 895 489),
426 861 463 888 ad
480 862 563 888 Tert:
591 860 616 886 A
636 858 708 886 solis
730 859 809 884 ortus
830 855 947 883 cardine
965 854 1049 889 (Ibid.
1070 852 1126 881 489
1147 851 1211 889 sq.).

252 899 340 927 Haud
360 899 405 925 die
418 899 519 925 Worte
538 896 697 933 beigeftigt:
723 895 826 930 „Frere
844 893 966 921 Nicolas
985 893 1061 928 liger
1081 891 1223 927 religieux
1243 890 1280 917 de
1300 885 1463 916 Barbenn.“
1499 886 1543 914 Ob

253 936 399 964 dieselben
419 936 472 963 auf
487 935 543 962 den
561 934 712 962 Verfasser
731 930 913 958 hinweisen?

1250 853 1287 879 In
1307 851 1326 877 Α
1345 859 1404 877 von
1423 849 1546 876 auderet

721 1011 788 1043 100.
817 1011 860 1042 De
880 1018 944 1041 11113,
962 1010 1080 1041 Electa.

381 1076 428 1108 In
452 1076 484 1109 1.
509 1073 727 1114 Vesperis.

442 1148 487 1175 Ad
506 1146 682 1183 Magnificat.

290 1231 297 1239 .
327 1206 513 1239 Laudemus
524 1203 871 1236 ChristumDominum

370 1252 409 1284 In
432 1252 495 1283 hae
519 1253 628 1282 sancta
656 1248 788 1289 famula,

331 1300 419 1338 Quae
442 1300 519 1338 post
544 1297 651 1329 carnis
675 1297 847 1327 terminum

369 1345 505 1377 Inventa
529 1344 599 1376 sine
623 1343 754 1374 macula

329 1392 458 1424 Gaudet
481 1391 516 1422 in
540 1399 640 1430 regno
665 1389 824 1421 luminum

376 1438 457 1470 Cum
482 1437 612 1469 Christo
638 1436 673 1467 in
698 1436 840 1475 saecula,

331 1485 392 1523 Qui
417 1485 523 1516 solvat
546 1483 631 1514 mole
657 1483 826 1514 criminum

373 1532 441 1563 Nos
468 1531 537 1562 eius
561 1538 659 1569 prece
683 1529 809 1560 sedula.

392 1633 454 1664 Ad
477 1631 740 1663 Matutinum.

460 1695 673 1723 Invitatorium.

332 1753 436 1785 Corde
462 1755 495 1784 et
517 1761 596 1784 voce
619 1751 727 1782 Deum

379 1799 487 1831 cuncti
509 1798 646 1830 laudare
669 1798 788 1838 venite,

333 1846 393 1885 Qui
418 1846 511 1878 dedit
534 1848 669 1877 aeterna

377 1888 559 1935 [Hedwigi]
584 1891 704 1931 gaudia
727 1891 825 1923 vitae.

390 1996 437 2027 In
463 1995 493 2027 1.
519 1994 746 2026 Nocturno.

474 2058 667 2094 Antiphonae.

301 2141 308 2149 .
333 2117 371 2148 In
397 2118 512 2148 sancta
536 2125 596 2147 sua
619 2114 740 2147 famula

378 2163 485 2195 Deum
508 2162 733 2195 admirabilem

335 2209 519 2242 Laudemus
543 2212 652 2241 mente
677 2208 803 2250 sedula,

381 2256 535 2288 Omnibus
558 2256 768 2288 laudabilem.

302 2338 309 2345 .
334 2313 484 2345 Ancillae
511 2312 637 2345 Christi
663 2322 764 2353 opera

335 2360 503 2391 Virtutum
526 2363 663 2392 narrent
686 2360 832 2400 aethera,

386 2406 476 2438 Caeli
500 2407 645 2448 gaudent
660 2416 721 2448 per
738 2407 879 2441 saecula.

939 1071 970 1102 3.
997 1067 1196 1111 [Hedwigis]
1222 1068 1429 1101 conversatio

1042 1116 1186 1148 Exstitit
1210 1115 1368 1155 angelica,

998 1162 1097 1195 Cuius
1121 1171 1181 1194 nos
1208 1162 1314 1194 oratio

1043 1209 1169 1241 Trahat
1193 1209 1236 1241 ad
1259 1216 1364 1249 regna
1389 1208 1525 1241 caelica.

1140 1274 1347 1309 Responsoria.

941 1321 972 1353 1.
998 1321 1121 1362 Gaude,
1151 1329 1274 1361 sponsa
1299 1321 1376 1352 Iesu
1402 1320 1537 1361 Christi,

997 1368 1061 1400 Pro
1089 1377 1151 1408 quo
1177 1371 1312 1399 terrena
1336 1367 1501 1407 sprevisti,

1000 1414 1065 1446 Sed
1097 1415 1140 1447 ad
1166 1414 1331 1447 Christum
1356 1414 1551 1455 pervenisti,

1000 1461 1099 1499 Quem
1122 1464 1192 1494 toto
1218 1461 1317 1493 corde
1343 1461 1502 1493 dilexisti.

964 1531 971 1538 .
1001 1508 1051 1539 De
1076 1509 1163 1541 valle
1187 1509 1341 1540 miseriae

1001 1554 1166 1587 Transisti
1190 1555 1234 1586 ad
1258 1563 1371 1594 regem
1395 1555 1531 1595 gloriae.

969 1635 975 1641 .
1002 1610 1099 1643 Salve
1123 1610 1267 1642 hostium
1291 1610 1540 1651 triumphatrix,

1001 1657 1128 1698 Mundi,
1155 1658 1262 1689 carnis
1288 1658 1489 1698 superatrix,

1001 1704 1051 1735 Tu
1078 1705 1166 1736 clara
1189 1706 1346 1736 virtutum
1368 1705 1549 1746 operatrix,

964 1775 970 1782 .
1001 1750 1182 1784 Salvatoris
1203 1751 1376 1792 imitatrix,

1002 1797 1053 1829 Sis
1076 1800 1193 1830 nostra
1216 1799 1274 1839 pia
1298 1798 1519 1839 suffragatrix.

967 1878 974 1886 .
999 1854 1088 1886 Laus
1097 1855 1158 1886 tibi
1168 1854 1309 1895 Christe,
1319 1864 1379 1887 rex
1389 1855 1552 1897 amabilis,

1000 1901 1064 1933 Per
1089 1910 1184 1942 quem
1208 1902 1391 1942 triumphat
1415 1911 1515 1935 sexus

1326 1948 1465 1990 fragilis,

1005 1994 1065 2026 Cui
1090 1998 1207 2027 contra
1228 1996 1343 2028 hostes
1368 1996 1542 2029 victoriam

1003 2041 1073 2073 Das
1099 2045 1133 2073 et
1153 2043 1312 2074 virtutum
1336 2044 1487 2083 gratiam.

969 2113 976 2120 .
1007 2088 1090 2126 Quia
1102 2089 1208 2128 gloria
1219 2090 1353 2121 virtutis
1367 2093 1557 2123 sanctorum

1005 2135 1054 2166 Tu
1080 2144 1127 2176 es,
1152 2136 1229 2168 Iesu
1251 2137 1346 2177 bone,
1372 2140 1406 2169 et
1429 2147 1556 2170 merces

1330 2192 1455 2218 eornm.

1068 2257 1113 2288 In
1138 2258 1170 2289 2.
1197 2256 1429 2292 Nocturno.

1124 2311 1170 2339 Ad
1189 2313 1367 2349 Magnificat.

973 2386 980 2394 .
1006 2360 1138 2392 Exaudi
1162 2370 1234 2402 nOS,
1263 2361 1328 2393 Dei
1350 2361 1484 2405 famula,

1007 2407 1053 2440 Et
1077 2408 1141 2441 due
1168 2408 1210 2440 ad
1235 2417 1317 2441 vera
1341 2411 1474 2453 gaudia,
