1655 2534
734 123 990 157 —182—

283 219 408 251 Laudes
430 220 499 251 Deo
522 220 643 258 pariter
960 216 1116 248 Devotam
1140 217 1263 256 gentem

331 264 515 298 Referemus
539 267 639 309 proni,
1002 267 1035 295 te
1059 271 1141 294 nunc
1166 263 1304 294 solamen
1328 260 1498 292 habentem

287 313 346 351 Qui
369 321 431 344 non
456 312 533 344 fecit
557 313 663 345 taliter
958 310 1105 349 Protege,
1132 317 1292 347 conserva,

333 359 423 391 Omni
447 359 576 393 nationi.
1005 357 1119 396 suplex
1143 361 1234 395 rogat
1258 355 1322 386 ista
1347 356 1475 385 caterva

889 405 926 438 V.
956 403 1020 435 Fer
1045 411 1165 443 pacem,
1192 402 1279 434 mala
1303 402 1388 441 pelle
1411 401 1469 439 pia

213 413 251 445 R.
285 414 399 446 Sancte
423 415 581 455 Severine,
1007 449 1142 482 fautlice
1166 449 1281 481 Maria.

328 463 456 500 praesul
479 461 607 493 Domini
630 461 778 501 pretiose,

287 525 370 552 Brev.
391 533 444 552 ms.
465 533 538 552 saec.
562 523 604 552 14.
641 523 709 551 Cod.
729 524 849 551 Lincen.
870 524 895 551 Γ
912 532 931 558 p
955 520 997 550 19.
1016 523 1051 550 Α.
1065 536 1102 540 -
1122 522 1207 549 Brev.
1221 521 1418 549 Aarhusiense
1437 522 1507 555 imp.

212 559 377 588 Aarhusiae
398 561 479 589 1519.
500 563 530 589 Β.
546 576 582 582 —-
603 560 624 587 Α
649 560 673 594 1,
693 561 713 588 4
730 561 790 588 und
810 559 827 587 6
847 561 945 588 fehlen
963 560 997 587 B.
1012 574 1049 579 —
1070 559 1089 585 Α
1109 557 1135 591 2,
1155 558 1175 587 4
1193 560 1250 586 Pro
1272 560 1354 586 euius
1375 561 1404 585 et
1422 559 1456 586 A.
1470 572 1509 576 ——

210 595 513 671 afelhlivss'asssses
539 599 645 627 andere
668 597 834 633 prosaisch3
865 599 1014 633 Hymnus:
1046 596 1149 624 Laude
1173 597 1263 633 digna
1287 596 1457 631 angelorum
1482 596 1508 622 A

246 643 285 663 na
299 656 305 662 .
369 655 376 669 ,
464 656 470 662 .

632 726 676 757 66.
711 727 753 757 De
773 726 881 757 sancio
903 724 1077 764 Sigeberto.

337 793 383 826 In
409 796 440 828 1.
466 795 497 827 N
507 804 524 826 o
534 799 571 826 ct
579 806 600 827 u
609 805 626 827 r
633 806 655 827 n
665 804 692 830 ο,
951 795 1065 827 Curam
1091 794 1256 825 committit
1280 793 1348 835 filii,

952 840 1131 873 Addendae
1154 841 1234 881 legis
1258 839 1400 880 Domini,

413 869 618 903 Reeponsoria.
883 889 921 919 V.
951 887 998 919 Ut
1022 888 1062 919 de
1086 887 1168 919 bono
1192 887 1354 918 meliorem

223 924 255 955 1-
283 924 418 957 Consilio
443 924 624 965 pontificum
949 934 1114 966 Redderet
1139 937 1171 965 et
1192 934 1368 966 clariorem.

280 970 411 1003 Suorum
435 974 529 1011 atque
552 972 729 1025 principum
894 992 925 1023 2·
951 990 990 1022 In
1015 998 1173 1021 armorum
1197 990 1313 1029 peritia

278 1017 477 1056 Dagobertus
502 1026 559 1050 rex
584 1018 682 1050 filium
950 1036 994 1068 Et
1018 1037 1059 1068 ad
1083 1037 1155 1068 iura
1180 1036 1286 1068 civilia

280 1063 380 1102 Regni
405 1065 490 1095 levat
513 1065 546 1095 in
571 1066 693 1104 solium,

560 1112 566 1117 ,
950 1083 1058 1122 Pipini
1082 1083 1198 1115 Franci
1223 1083 1359 1114 maxima

209 1110 246 1140 V.
278 1109 435 1148 Superbos
457 1113 493 1141 ut
517 1111 656 1142 deiceret

947 1128 1104 1161 Eruditur
1127 1130 1313 1170 prudentia3

279 1155 324 1187 Et
348 1156 440 1187 311305
466 1162 609 1196 engefet·
878 1176 918 1208 V.
947 1175 1010 1207 Hie
1034 1176 1067 1206 in
1092 1177 1157 1207 suis
1179 1176 1374 1215 temporibus

223 1212 255 1243 2.
281 1211 506 1243 Germanorum
530 1214 689 1252 principes
950 1221 1027 1254 Fuit
1051 1222 1199 1262 princeps
1226 1223 1429 1257 clarissimus.

279 1258 472 1289 Francorum
497 1262 591 1312 atque
616 1268 762 1313 proceres
893 1279 923 1311 3·
951 1277 1125 1318 Sigibertus
1150 1287 1207 1309 rex
1230 1279 1358 1310 inclitus

278 1304 330 1335 Ad
354 1304 464 1336 urbem
487 1305 584 1337 Meus
607 1309 738 1338 vemunf'
949 1323 1149 1365 Radolphum
1177 1334 1245 1356 cum
1271 1325 1453 1368 rebellibus,

278 1350 389 1389 Ibique
413 1360 517 1391 regem
541 1356 683 1384 statuunt

206 1395 246 1428 V.
273 1397 311 1429 In
331 1398 435 1448 ’patris
461 1407 529 1429 eum
547 1400 631 1452 ¹solio
947 1417 1085 1456 Fugavit
1107 1427 1126 1448 a
1149 1419 1322 1459 Thoringia

277 1443 434 1482 mumque
457 1445 587 1483 palatlo·
877 1463 917 1495 V.
947 1463 1020 1495 Iesu
1044 1463 1163 1496 Christi
1187 1465 1315 1505 auxilio,

222 1499 253 1530 3.
277 1499 422 1539 Laetare,
445 1500 541 1531 Metis
567 1501 688 1542 civitas,
950 1509 1047 1547 Quem
1072 1519 1198 1550 semper
1222 1513 1319 1551 gessit
1343 1512 1460 1545 animo.

278 1545 346 1576 Tua
369 1554 502 1597 ‘Jamque
526 1546 704 1600 iuquuffitas
891 1566 923 1597 4.
951 1564 1135 1607 sigibertus,
1161 1569 1196 1598 ut
1221 1572 1349 1599 ornaret

276 1591 404 1631 Regalis
430 1595 475 1623 est
501 1592 675 1625 sublimitas

276 1637 321 1669 Et
339 1639 462 1676 patriae
486 1641 692 1680 prosperitas,

206 1682 244 1716 V·
274 1683 337 1715 Hic
361 1687 409 1715 est
432 1687 485 1715 tua
509 1685 629 1717 laetitia
949 1703 1132 1737 Construxit
1155 1707 1188 1737 in
1213 1708 1399 1748 Austrasia3

276 1729 522 1770 Vicinorssmque
545 1733 656 1772 gloria·
877 1751 915 1782 V.
945 1750 990 1783 Ut
1013 1755 1147 1784 meteret
1169 1754 1310 1795 politica,

218 1785 251 1818 4.
276 1785 346 1817 Rex
370 1788 495 1817 sanctus
518 1791 555 1819 ut
577 1789 610 1819 in
634 1789 714 1821 solio
948 1797 1123 1830 Seminavit
1142 1803 1316 1834 terrestria.

277 1831 427 1864 Consedit
447 1842 485 1864 ac
507 1835 636 1874 palatio,

273 1878 332 1918 Ea,
358 1887 439 1917 quae
462 1880 560 1919 gessit
583 1882 697 1922 enimn,

274 1925 410 1957 Patuere
434 1927 589 1969 continuo,

201 1970 242 2003 V.
272 1971 416 2010 Namque
438 1973 523 2005 mitis
545 1974 723 2016 humilibus,
1078 1975 1285 2011 Responsoria.

273 2018 351 2050 Pius
377 2022 446 2050 erat
469 2021 669 2060 pauperibus,
889 2028 919 2062 1.
945 2029 981 2060 In
1008 2039 1088 2062 anno
1113 2036 1186 2070 post
1209 2033 1402 2066 tricesimum

944 2075 1014 2107 Rex
1040 2079 1232 2110 contendens
1257 2081 1299 2112 ad
1322 2081 1466 2117 bravium

944 2122 1037 2154 Vitae
1059 2126 1183 2165 peregit
1205 2127 1353 2168 stadium,

328 2158 375 2190 In
400 2161 432 2193 2.
457 2159 684 2196 Nocturno.
947 2168 1037 2201 Caeli
1062 2173 1185 2204 scandit
1210 2174 1382 2218 palatium3

874 2215 913 2249 V.
945 2214 1108 2248 Planctum
1132 2219 1229 2251 Metis
1254 2224 1494 2265 permaximum,

943 2261 980 2293 In
1008 2264 1102 2295 caelis
1127 2265 1203 2297 fecit
1226 2269 1384 2307 gaudium.

210 2304 243 2337 1.
269 2304 414 2337 Pontifici
441 2309 637 2342 sanctissimo
886 2319 917 2350 2.
944 2317 1077 2356 Quidam
1100 2319 1201 2353 frater
1225 2326 1419 2367 aegrotabat,

271 2351 468 2392 Dagobertus
495 2355 665 2389 Cuniberto
942 2365 980 2396 In
1005 2366 1115 2399 morbo
1139 2368 1192 2401 fici
1216 2370 1394 2415 laborabat,

951 1370 1009 1409 Qui
1033 1371 1163 1403 rebellis
1189 1372 1364 1414 exstiterat,

950 1612 1076 1644 Cultum
1099 1612 1161 1643 Dei
1186 1616 1218 1644 et
1242 1617 1381 1654 augeret,

949 1657 1128 1690 Duodecim
1154 1660 1307 1692 coenobia

1007 1902 1054 1933 In
1079 1904 1111 1935 3.
1137 1903 1364 1936 Nocturno.

411 2242 604 2278 Antiphonae.
