1655 2534
725 159 978 197 -300—

612 259 647 286 A.
666 257 839 286 Benedictus
860 264 898 290 es,
920 256 1053 289 Domine,

665 295 701 323 In
720 294 872 322 benedicta
892 295 1006 330 virgine

705 329 910 367 (Hildegarde),

665 370 754 397 Cuius
776 372 805 396 et
823 369 1023 396 habitaculum

664 408 810 435 Lustrasti
830 415 879 441 per
895 406 1076 439 miraculum,

664 445 726 479 Quo
748 445 826 471 clara
845 441 921 480 [qu]
942 444 1087 479 apparuit,

663 482 741 510 Dum
762 482 859 508 soluta
878 489 964 509 carne
979 482 1043 508 fuit.

279 557 342 586 116.
361 558 560 590 Honorati,
581 556 710 591 episcopi
729 554 922 588 Arelatensis,
949 554 1135 588 confessoris,
1167 552 1210 581 16.
1230 554 1292 580 Ian.
1313 549 1375 587 [fol.
1398 549 1495 586 128a].

202 596 262 623 Aus
291 598 383 623 einem
401 595 606 622 unbekannten
627 591 759 620 Officium
778 592 850 618 zwei
871 590 931 617 AA:

370 642 404 668 A.
428 641 553 677 Fulgens
574 640 655 667 adest
679 639 821 666 Honorati
840 639 983 673 praesulis
1005 638 1185 665 sollemnitas

428 679 517 706 Cuius
536 679 676 705 virtutum
694 676 801 711 fulgori
821 676 892 702 solis
913 676 990 703 cedit
1008 676 1136 709 claritas,

425 716 488 749 Quo
509 717 640 743 consorte
660 714 771 741 caelum
792 715 895 748 stupet,
917 722 972 748 quo
993 715 1114 748 patrono
1135 715 1213 740 terra
1231 712 1346 748 gaudet.

425 753 582 786 Honorate,
601 760 652 787 pro
672 751 783 779 devotis
804 751 957 784 intercede,
978 758 1161 786 quaesumus,

424 790 465 817 Et
484 790 593 818 solutos
615 789 694 816 faece
714 789 809 815 carnis
830 787 904 815 caeli
923 789 1011 823 iunge
1031 788 1173 816 cantibus.

594 836 627 863 A.
652 835 676 862 O
697 834 845 871 praeclare
864 835 921 862 Dei
941 834 1079 870 pontifeX,

650 873 675 900 O
694 874 742 908 pie
764 874 930 899 cunctorum
951 872 1048 907 opifex

648 910 690 938 Te
710 910 917 945 quaerentium,

650 947 808 981 Honorate,
831 947 884 973 flos
904 947 1079 983 praesulum,

650 985 675 1011 A
697 984 820 1016 Christo,
841 991 908 1018 rege
927 985 1046 1020 gloriae,

649 1021 812 1057 Implorans
831 1021 927 1048 locum
939 1023 1044 1049 veniae

650 1059 711 1086 Nos
732 1059 811 1086 felici
830 1067 948 1086 munere

651 1096 698 1123 Da
717 1097 800 1123 beate
822 1096 930 1123 vivere.

277 1170 338 1199 117.
362 1172 537 1204 Huberti‚
559 1172 687 1207 episcopi
708 1175 737 1198 et
754 1171 935 1204 confessoris,
959 1169 987 1197 10
1008 1168 1034 1198 3.
1048 1171 1121 1197 Nov.
1140 1168 1201 1206 [fol.
1218 1168 1271 1198 110
1280 1168 1318 1206 a].
1354 1169 1374 1196 R
1390 1170 1414 1198 Ο
1431 1171 1493 1198 Hu-

204 1209 284 1236 berte
302 1211 401 1244 pastor
420 1210 467 1243 pie
487 1211 540 1236 etc.
560 1208 643 1235 Anal.
663 1208 769 1241 XXVI,
792 1208 820 1234 S.
843 1205 904 1242 121,
926 1208 970 1235 als
991 1206 1013 1234 Α
1034 1208 1216 1242 bezeichnet;
1243 1208 1321 1235 dann
1340 1209 1388 1236 die
1406 1215 1494 1243 prosa

201 1246 219 1273 l.
240 1255 264 1273 c.
284 1256 310 1282 p.
333 1243 397 1281 1233
419 1245 533 1273 endlich
552 1244 685 1281 folgende
705 1243 744 1271 A:

461 1292 485 1319 O
505 1292 645 1324 Huberte,
666 1292 826 1319 ubertatem
846 1291 961 1319 Morum
980 1292 1066 1319 nobis
1086 1293 1192 1326 tribue,

462 1329 644 1365 Corporalem
667 1331 820 1356 sanitatem
839 1328 964 1356 Infirmis
986 1330 1108 1356 restitue

461 1368 552 1395 Orans
573 1373 712 1393 summam
731 1367 912 1394 maiestatem
931 1367 987 1394 Pro
1007 1367 1092 1394 nobis
1112 1368 1257 1394 continue.

264 1411 387 1477 .2ᾸΑ30.
409 1413 483 1440 Maii
511 1411 571 1448 [fol.
600 1410 705 1449 163a],
735 1413 867 1440 translat.
911 1413 1016 1440 Ausser
1042 1413 1122 1441 einer
1145 1413 1335 1449 prosaischen
1359 1414 1494 1450 folgende

202 1459 273 1478 zwei
349 1459 355 1475 :

200 1497 234 1523 A.
257 1497 336 1524 Petri
355 1497 447 1524 clerus
468 1497 639 1524 iucundetur
873 1496 907 1523 A.
931 1497 1071 1532 Apertum
1091 1500 1136 1525 est
1153 1500 1371 1526 monumentum

295 1534 365 1561 Cum
385 1534 470 1562 laude
489 1535 645 1570 praeconii,
966 1534 1092 1561 Gloriosi
1112 1537 1249 1570 corporis,

292 1570 399 1606 (Hodie
417 1572 568 1606 Leodium)
928 1571 1049 1598 Nullum
1068 1574 1160 1599 sensit
1179 1573 1382 1600 detrimentum

259 1607 398 1636 Praesens
418 1616 521 1645 corpus
540 1610 692 1636 veneretur
966 1609 1134 1637 Vestustate
1153 1611 1301 1645 temporis,

293 1645 440 1673 Praesulis
461 1647 568 1678 eximii,
931 1645 988 1673 Sed
1008 1646 1142 1674 illaesum
1163 1650 1207 1674 est
1226 1649 1376 1676 inventum

258 1684 300 1711 Ut
319 1683 412 1710 eidem
431 1683 601 1719 suffragetur
970 1683 1009 1710 Os
1031 1692 1095 1710 cum
1117 1685 1252 1712 membris
1274 1688 1387 1714 ceteris.

299 1720 359 1756 Ope
379 1722 541 1755 patrocinii.

282 1792 344 1822 118.
367 1795 473 1829 Hugo
484 1796 556 1828 nis,
575 1795 703 1831 episcopi
724 1795 997 1830 Gratianopolitani,
1020 1793 1045 1822 1.
1064 1796 1134 1831 Apr.
1154 1795 1215 1833 [fol.
1237 1795 1338 1833 148b].

590 1842 622 1869 A.
648 1841 671 1868 O
690 1842 789 1869 lumen
809 1842 955 1876 ecclesiae,

685 1880 793 1906 Doctor
811 1881 951 1915 veritatis,

646 1916 726 1944 Rosa
743 1918 911 1952 patientiae,

684 1954 767 1982 Ebur
786 1956 938 1989 castitatis,

647 1991 759 2027 Aquam
779 1993 941 2026 sapientiae

686 2030 852 2064 Propinasti
871 2032 970 2065 gratis,

646 2066 794 2094 Fundator
814 2066 992 2102 Carthusiae,

647 2103 833 2132 Praedicator
851 2106 972 2140 gratiae,

685 2139 794 2177 (Hugo)
812 2143 900 2177 iunge
920 2152 973 2170 nos
993 2144 1096 2171 beatis.

459 2189 559 2217 Gaude
578 2190 725 2224 perpetuo,
745 2189 915 2225 praedulcis,
937 2191 1071 2218 amabilis
1092 2192 1188 2229 Hugo,

459 2227 505 2254 Tu
523 2227 635 2253 meritis
655 2227 757 2261 plenus
776 2225 844 2253 fidei
864 2228 972 2262 pietate
991 2236 1117 2264 serenus,

460 2264 587 2294 musti-is
608 2264 691 2292 donis
712 2265 828 2292 divinae
848 2267 1032 2302 cognitionis,

460 2301 564 2328 Mundi
583 2301 717 2337 calcator,
738 2302 845 2330 Christi
864 2303 977 2331 fervens
996 2304 1135 2339 imitator,

460 2339 595 2367 Iustitiae
614 2339 713 2375 forma,
734 2349 847 2369 morum
866 2342 1029 2369 rectissima
1047 2351 1157 2371 norma.

462 2377 486 2405 O
506 2379 596 2412 pater,
618 2385 706 2405 exora
723 2387 776 2414 pro
795 2378 880 2405 nobis
900 2380 1000 2407 mortis
1020 2381 1053 2407 in
1071 2379 1151 2416 hora,

459 2415 501 2443 Ut
520 2416 610 2442 simus
630 2415 711 2451 dig-ni
731 2417 877 2452 postrema
894 2417 960 2445 luce
980 2418 1071 2445 beari.
