1655 2534
629 103 883 138 —137—

485 194 534 226 49.
564 195 608 227 De
628 204 652 227 s.
671 195 763 227 Petro
783 193 1025 227 [tarentasiensi.

248 264 294 295 In
321 263 352 297 1.
380 265 487 303 Vesp
499 263 598 298 eris,

294 336 340 364 Ad
358 336 538 374 Mag-nificat.

108 396 148 429 A.
180 396 228 427 Te
250 396 364 427 Petrus
390 395 530 434 decorat,

226 442 423 482 Burgundia,
449 446 544 482 teque
566 441 711 483 honorat,

790 264 829 298 V.
859 265 973 298 Omnes
997 267 1116 306 gentes,
1141 263 1294 307 plaudite,

861 311 1026 351 Sapienter
1050 311 1178 351 psallite

906 357 1069 390 Laudibus
1092 357 1262 391 immensis,

179 489 269 521 Petri
292 489 469 530 protegeris

228 535 377 576 procibus
401 535 583 575 meritisque
603 535 731 575 foveris,

181 582 278 616 Cuius
301 583 335 614 in
359 582 420 615 hoc
443 581 524 614 festo

228 630 322 662 solito
346 629 514 662 iucundior
539 632 615 664 esto.

243 743 290 774 In
316 743 347 774 1.
373 743 432 774 No
446 744 603 774 cturno.

317 815 524 851 Responsoria.

148 900 155 907 .
181 873 227 906 Ut
248 872 306 904 sub
331 873 451 905 honore
474 872 533 904 tali

225 919 401 959 procedant
423 918 507 951 festa
531 919 604 958 diei,

179 967 344 1006 Dignaque
367 967 437 998 laus
464 967 565 1008 detur,

227 1022 289 1052 qua
314 1013 458 1045 Christus
483 1012 717 1052 honorificetur,

178 1059 290 1092 Nostri
313 1060 380 1092 vita
404 1060 492 1091 chori

227 1107 340 1138 devoto
366 1109 512 1139 consonet
538 1108 596 1148 ori,

142 1181 149 1189 .
180 1154 297 1186 Nescia
320 1152 405 1185 finiri

231 1200 280 1232 eui
306 1198 362 1232 fax
385 1209 467 1232 nova
492 1199 597 1239 coepit
620 1200 706 1232 oriri.

147 1284 154 1291 .
180 1257 244 1289 Hic
268 1257 318 1288 vir
341 1256 534 1297 magnificus,

227 1303 364 1344 humilis,
387 1304 458 1343 pius
475 1306 569 1343 atque
584 1303 730 1342 pudicus,

181 1351 248 1389 Quo
275 1351 355 1381 duce
377 1350 508 1382 Martha
533 1349 620 1390 Liae,

225 1397 345 1429 Rachel
371 1398 491 1429 sociata
513 1396 647 1438 Mariae,

179 1445 309 1476 Martha
331 1444 506 1476 laborando

224 1490 286 1522 fuit
309 1493 404 1531 atque
428 1491 532 1523 Maria
556 1491 709 1529 vacando,

141 1567 147 1573 .
177 1538 228 1570 Ne
251 1542 377 1580 premat
401 1539 566 1570 ecclesiam

224 1594 365 1626 regnum,
383 1594 424 1617 ne
440 1585 570 1617 Martha
584 1585 730 1617 Mariam.

145 1669 152 1676 .
180 1644 251 1675 Iam
274 1643 399 1681 superis
423 1643 560 1684 iunctus,

225 1690 289 1721 iam
305 1698 383 1728 prae
397 1689 594 1721 consortibus
605 1691 728 1730 unctus,

176 1737 298 1777 Migrat
320 1737 492 1769 translatus

228 1785 268 1815 de
293 1784 428 1815 culmine
452 1781 653 1822 pontificatus

178 1832 231 1863 Ad
256 1839 387 1871 superos
413 1831 508 1870 cive5‚

225 1877 328 1910 factus
355 1879 395 1910 de
418 1885 560 1918 paupere
585 1877 682 1916 dives,

142 1952 150 1960 .
179 1926 230 1959 De
254 1925 372 1966 gremio
397 1926 508 1957 matris

224 1973 397 2005 translatus
422 1973 464 2005 ad
490 1972 573 2004 atria
597 1971 709 2012 patris.

143 2057 151 2065 .
178 2031 270 2063 Nova
294 2031 411 2062 mundo
435 2029 551 2070 gaudia

177 2078 333 2118 Flagrant
355 2078 389 2109 in
413 2076 582 2120 Sabaudia‚

225 2125 302 2157 Flos
329 2124 560 2162 Cisterciensis,

178 2173 228 2205 De
252 2175 362 2205 sancto
389 2171 550 2210 coenobio,

179 2221 229 2253 De
252 2222 359 2251 monte
384 2219 545 2252 Stamedio

180 2267 273 2300 Nova
296 2267 351 2299 lux
376 2267 535 2308 apparuit,

179 2315 242 2347 Sed
268 2315 378 2347 domus
403 2314 540 2347 obtinuit

225 2362 319 2396 Hanc
342 2361 593 2395 Bellavallensis.

803 593 833 625 1.

788 965 827 998 V.

799 1163 831 1194 2.

790 1442 825 1476 V.

801 1547 831 1579 3.

788 1924 827 1957 V.

920 462 967 493 111
993 463 1023 495 2.
1050 461 1278 495 Nocturno.

994 535 1198 571 Responsoria.

859 592 985 623 Floruit
1009 593 1142 624 ecclesia

905 638 1119 679 Fructumque
1143 641 1216 679 post
1238 638 1349 671 florem

859 686 947 717 Tulit
969 685 1002 717 in
1028 686 1195 727 sabaudia,

907 732 1033 764 Caelum
1061 733 1151 765 dedit
1173 741 1288 775 rorem,

859 779 941 811 Tota
965 781 1063 812 currit
1085 780 1211 819 patria„

858 826 907 857 Tu
930 834 1014 864 vero,
1037 826 1231 866 Burgundia,

858 871 996 903 Fructus
1020 874 1112 904 huius
1137 873 1240 912 gratia

903 918 1014 950 Induis
1040 921 1203 958 decorem3

857 964 1001 1007 Laetare,
1026 965 1231 1006 Stamedium,

857 1011 980 1043 Novum
1006 1012 1064 1044 tibi
1088 1012 1246 1052 gaudium,

859 1058 1053 1090 Germinasti
1076 1059 1189 1098 lilium,

905 1105 1000 1138 Cuius
1024 1107 1057 1137 in
1081 1106 1220 1137 odorem.

858 1161 1053 1193 Subveniens
1078 1161 1184 1193 mult-is

906 1208 1021 1240 Petrus
1044 1209 1079 1240 in
1102 1211 1204 1240 morte
1227 1209 1360 1248 sepultis

862 1255 1071 1295 Compedibus
1096 1254 1207 1287 fractis

907 1305 939 1333 et
963 1302 1142 1334 carceribus
1165 1302 1333 1341 patefactis

860 1349 983 1380 Absens
1012 1352 1194 1389 praesentes

906 1396 1010 1435 potuit
1035 1404 1163 1428 caecare
1189 1396 1329 1436 clientes,

857 1443 903 1476 Ut
925 1446 1044 1483 pateat,
1070 1443 1179 1482 quanti

903 1489 946 1520 sit
968 1489 1084 1530 ubique
1107 1489 1250 1529 potentia
1274 1490 1386 1522 sancti.

859 1546 884 1578 O
912 1546 1006 1577 decus
1033 1546 1195 1586 ecclesiae,

906 1593 1013 1635 matri,
1038 1596 1140 1634 pater,
1165 1594 1330 1634 auxiliare,

859 1640 926 1679 Quo
950 1641 1089 1680 gaudent
1112 1640 1208 1672 hodie

906 1687 1023 1729 sidera,
1048 1691 1145 1728 terra,
1171 1696 1275 1731 mare3

860 1734 978 1766 Natum
1001 1738 1112 1775 mater,
1136 1737 1213 1766 nata

906 1785 1080 1826 parentem,
1107 1791 1224 1821 sponsa
1249 1782 1396 1814 maritum

862 1829 988 1862 Gaudet
1011 1830 1045 1861 in
1070 1833 1199 1862 aeterna

906 1876 1076 1909 nobilitate
1096 1877 1201 1909 situm.

859 1924 926 1963 Quo
949 1923 1012 1956 sibi
1034 1923 1114 1957 flore
1139 1924 1212 1955 dato

906 1971 1051 2006 rediviva
1076 1972 1159 2004 viret
1182 1972 1271 2010 pn'us
1295 1979 1388 2002 arens

861 2019 965 2062 Patre,
993 2020 1072 2059 viro,
1098 2022 1173 2050 nato

908 2064 983 2108 filia,
1011 2074 1137 2106 sponsa,
1164 2073 1290 2104 parens

861 2120 1016 2155 Mellifluo
1039 2120 1120 2161 flori,

908 2169 962 2209 qui
986 2168 1129 2201 balsama
1152 2168 1252 2201 vincit
1276 2169 1383 2208 odore,

861 2216 1060 2248 Alternando
1087 2215 1174 2247 chori

909 2263 1053 2295 succensi
1078 2263 1183 2294 cordis
1208 2272 1316 2296 amore

863 2311 1026 2344 Concentu
1049 2310 1180 2342 memori

905 2359 999 2398 digno
1024 2358 1221 2390 modulemur
1244 2359 1373 2398 honore,
