1655 2534
721 123 762 129 —
813 104 975 139 200—

272 198 309 230 111
334 199 393 230 hoc
416 199 528 238 tendit,
555 199 637 239 quod
663 198 810 238 ostendit,

318 245 438 278 Doctor
461 246 526 277 veri
550 246 695 280 numinis.

390 329 435 356 Aa
453 327 629 364 Magnificat.

204 386 244 418 A.
273 386 463 426 Angelorum
486 385 611 418 ordines
636 386 737 418 sancti

273 432 494 472 virginumque
520 432 607 465 chori

275 478 443 519 Omnisque
467 478 546 509 caeli

270 525 377 556 Turba
400 524 504 556 fidelis

268 572 401 603 Summis
427 571 560 603 exsultet
583 572 717 611 gaudiiS,

269 619 358 657 Quod
382 618 476 650 hodie

265 664 361 705 Virgo
386 665 463 695 haec
487 665 597 695 summi
624 664 706 703 regis

267 710 411 742 Thalami
434 715 556 742 secreta

268 757 387 789 Meruit
410 759 554 788 constans

268 802 426 835 Scandere
451 803 579 836 Thecla.

326 944 386 974 Ad
409 942 675 974 Matutinum.

389 1017 603 1043 Invitatorium.

260 1072 318 1110 Qui
343 1076 470 1105 coronat
494 1072 525 1103 in
549 1075 708 1103 aeternum

257 1119 415 1151 Theclam.
439 1127 544 1158 regem
569 1117 725 1157 virginum

257 1166 448 1204 Adoremus,
475 1165 696 1202 collaudemus,

256 1212 323 1243 Iam
348 1213 463 1253 venite,
491 1212 688 1242 exsultemus.

316 1352 360 1383 In
386 1352 416 1384 1.
444 1350 669 1382 Nocturno.

393 1423 584 1459 Antiphonae.

198 1483 228 1515 1.
255 1482 279 1513 O
306 1490 397 1521 quam
422 1479 608 1512 admirabile

298 1528 408 1559 Manet
432 1527 464 1557 in
487 1531 645 1558 memom‘a.

257 1574 377 1606 Nomen
402 1576 499 1611 tuum,
526 1572 666 1608 Domine,

297 1620 397 1652 Huius
424 1620 456 1650 in
481 1619 614 1650 victoria

251 1667 384 1698 Sanctae
396 1665 543 1704 Theclae,
562 1674 654 1704 quam
670 1665 730 1696 hac
744 1665 795 1697 die

298 1712 463 1745 Coronasti
487 1712 596 1751 gloria.

196 1770 227 1800 2.
252 1768 301 1799 Tu
326 1776 468 1807 egressus
493 1776 611 1799 summo
637 1768 722 1799 caelo

295 1815 433 1846 Mentem
460 1814 525 1844 eius
549 1814 743 1854 subintrasti,

250 1861 422 1901 Tamquam
442 1869 574 1900 sponsus
599 1869 673 1892 vero
699 1861 765 1893 zelo

292 1909 340 1940 Tu
366 1916 419 1939 cor
444 1907 509 1938 eius
536 1906 734 1946 confirmasti,

247 1954 292 1986 Ut
315 1963 374 1986 nec
396 1954 488 1984 minis
513 1961 571 1985 nec
596 1963 613 1984 a
638 1954 700 1985 telo

292 2002 459 2034 Moveatur
482 2000 649 2032 hommum.

191 2059 221 2090 3.
247 2056 367 2089 Mundo
393 2057 496 2097 corde,
526 2060 629 2088 mente
654 2065 741 2096 lura,

291 2104 443 2136 Innocens
466 2103 545 2134 haec
568 2104 711 2135 manibus

244 2149 317 2182 Sine
341 2150 435 2182 sorde
459 2150 567 2181 mundi
593 2150 672 2182 dura

289 2197 412 2229 Sanctis
438 2196 562 2228 calcans
587 2197 729 2236 pedibus,

240 2242 381 2275 Mentem
398 2239 489 2287 [Dei]
507 2243 628 2275 Thecla
650 2244 783 2284 scandit,

241 2290 357 2321 Verum
381 2290 435 2321 ubi
459 2289 559 2321 Deum
586 2292 686 2322 cernit

286 2337 480 2376 Angelorum
505 2336 645 2370 sedibus.

1089 198 1295 234 Responsoria.

893 294 923 325 1.
950 293 1052 324 Intrat
1075 297 1198 325 secreta

947 339 1090 379 Repente
1114 340 1245 380 virginis

946 386 1066 425 Spiritu
1090 390 1199 419 sancto

947 433 1145 473 Cooperante

944 480 1036 511 Pauli
1064 480 1208 512 doctrina
1232 482 1351 518 sancta,

942 527 1009 565 Qua
1032 528 1143 558 summi
1168 526 1306 558 numinis

944 573 1107 612 Virginum
1133 574 1228 605 docet

943 618 1083 658 Corpora
1107 620 1204 658 laudi,

870 667 908 697 V.
939 666 977 697 In
1003 666 1102 697 sancti
1130 675 1202 706 ergo

942 712 1097 744 Ardorem
1122 712 1257 744 flaminis

939 759 1100 798 Incipiunt

940 806 1069 837 Viscera
1100 806 1206 838 claudi

936 852 1074 883 Theclae
1097 852 1158 884 hac
1183 853 1274 884 domo

937 899 1038 937 Capta
1064 898 1128 932 divi
1153 899 1288 931 hominis

935 945 1088 977 Doctrina
1111 950 1231 978 sancta.

875 1042 906 1073 2.
932 1039 1024 1070 Mens
1049 1039 1200 1079 virginea,

931 1085 1013 1116 Fide
1037 1093 1198 1124 purpurea

930 1132 1075 1170 Rapitur,
1103 1140 1185 1169 ecce,

932 1179 968 1209 ln
994 1178 1123 1209 aethera
1147 1186 1280 1216 sursum,

933 1224 1060 1256 Deserit
1087 1224 1189 1266 devia,

931 1270 976 1303 Ut
1000 1271 1092 1302 tollat
1115 1271 1258 1310 praemia

926 1317 1046 1349 Laudis
1071 1321 1219 1349 aeternae

926 1365 1004 1396 Post
1025 1364 1111 1396 vitae
1137 1372 1271 1396 cursum.

856 1411 893 1441 V.
924 1411 1030 1442 Mater
1052 1411 1138 1442 irata

927 1458 1076 1497 Increpat
1100 1462 1172 1489 acta

924 1504 1051 1535 Acriter
1074 1504 1161 1543 item,

926 1550 988 1581 Sed
1014 1550 1102 1590 virgo
1127 1559 1260 1582 rursum.

863 1644 894 1676 3.
920 1642 1006 1675 Mira
1031 1644 1206 1675 constantia

919 1689 1064 1721 Pectoris
1088 1691 1156 1731 alti,

918 1735 1005 1767 Mira
1026 1737 1169 1775 potentia

918 1782 1072 1814 Flaminis
1097 1784 1182 1822 almi,

920 1829 1010 1868 Quod
1034 1831 1144 1868 nequit
1166 1832 1269 1871 homo,

916 1875 984 1906 Nec
1008 1876 1112 1908 minae
1137 1878 1244 1910 valent

915 1923 1054 1962 Virginis
1079 1927 1182 1955 ratum

916 1968 1106 2001 Pervertere
1128 1980 1262 2003 sensum.

877 2041 884 2048 .
914 2014 987 2046 Non
1014 2015 1084 2046 dira
1104 2017 1240 2057 vincula,

918 2061 989 2092 Non
1014 2064 1151 2095 carceris
1175 2064 1289 2096 horror

916 2107 1010 2141 Hanc
1033 2117 1090 2140 suo
1117 2115 1227 2150 coepto

918 2155 1050 2186 Solvere
1074 2157 1189 2198 valent,

920 2201 983 2233 Sed
1008 2204 1097 2234 tanta
1121 2206 1292 2237 succrescit

916 2247 1039 2280 Caritas
1062 2250 1173 2290 ingens

914 2294 1077 2335 Tantaque
1100 2297 1163 2330 fide

916 2341 1046 2374 Viscera
1070 2345 1183 2378 calent.
