1655 2534
762 157 1016 191 —262—

252 258 292 290 V.
322 257 419 288 Tales
443 256 533 288 viros
557 254 697 286 mundus
721 261 801 285 vere

321 303 396 335 Non
420 302 483 334 fuit
508 303 625 342 dignus
650 301 783 340 habere,

324 352 411 388 Quos
436 349 478 381 ad
504 351 595 380 astra
617 348 681 380 Dei
706 349 815 378 castra

325 396 541 436 Vocaverunt,
567 396 790 434 susceperunt.

408 507 453 539 In
477 506 713 539 Laudibus.

468 590 660 626 Antiphonae.

270 659 299 690 1.
326 656 438 688 Induti
465 656 589 688 Christi
612 656 734 686 milites

373 702 451 734 Qum
477 703 596 734 caelico
624 702 741 733 decore

325 749 371 780 Et
396 749 514 788 gaudio
540 748 741 788 praedivites

371 796 536 827 Virtutum
561 804 632 827 cum
658 794 800 826 candore

326 842 407 873 Sunt
430 843 540 882 locati,
566 842 714 881 adoptati

370 889 408 920 In
433 888 567 920 sedibus
590 889 724 920 honore.

268 948 300 978 2.
325 945 456 976 Revera
480 954 500 975 a
522 944 695 983 praesagio

373 990 541 1022 Valentini
566 993 643 1023 sunt
666 989 785 1029 vocati,

325 1037 481 1069 Valentes
508 1038 543 1068 in
568 1036 723 1076 suffragio

374 1084 544 1115 Humanae
567 1082 752 1123 fragilitati,

330 1130 376 1162 Oh
400 1130 462 1161 hoc
485 1130 620 1169 hymnos
645 1130 716 1161 Deo
743 1129 859 1168 dignos

377 1173 504 1208 Ganere
529 1177 628 1207 simus
654 1176 774 1216 parati.

277 1234 307 1265 3.
333 1232 561 1263 Aestimabant
584 1232 754 1264 meliorem

375 1278 439 1310 Dei
467 1279 735 1319 misericordiam,

331 1327 432 1363 Quam
456 1326 555 1356 vitam
586 1325 783 1356 deteriorem

379 1370 544 1411 Cuperent
568 1375 602 1402 et
624 1372 798 1403 victoriam

331 1418 375 1449 Hi
401 1418 555 1458 athletae,
583 1418 638 1457 qui
663 1419 774 1458 quiete

377 1464 522 1504 Carpunt
544 1464 631 1495 vitae
657 1463 875 1496 concordiam.

272 1523 304 1554 4.
330 1519 422 1551 Servi
441 1519 583 1560 Domini,
611 1520 719 1551 divino

378 1566 569 1597 Benedicite
594 1575 653 1597 vos
678 1566 759 1605 regi,

334 1612 396 1650 Qui
417 1615 579 1651 martyres
606 1613 646 1643 de
672 1612 796 1643 camino

379 1658 548 1689 Passionis
573 1659 646 1689 unit
667 1658 745 1698 legi,

331 1705 533 1744 Angelorum
558 1708 591 1736 et
613 1707 799 1736 sanctorum

380 1751 428 1782 Ut
450 1751 674 1790 congaudeant
696 1751 797 1790 gregi.

281 1810 312 1840 5.
340 1806 520 1838 Consuetos
547 1807 704 1838 exaltavit

382 1852 442 1884 Eis
464 1852 613 1885 donando
639 1854 786 1893 salutem,

337 1899 451 1931 Gloria
476 1909 556 1939 quos
582 1900 752 1931 decoravit

382 1946 472 1977 Deus
496 1955 557 1985 per
581 1955 672 1978 suam
695 1947 859 1987 virtutem,

338 1993 548 2033 Renovando,
573 1993 757 2032 reparando

379 2039 577 2079 Martyrium
599 2041 633 2071 in
658 2041 807 2071 salutem.

1107 247 1152 275 Ad
1175 245 1360 274 Benedictus.

926 326 967 357 A.
1001 325 1110 357 Cornu
1135 324 1253 356 salutis
1276 323 1384 355 erexit

995 373 1100 405 Nobis
1124 372 1226 411 Deus,
1253 370 1309 410 qui
1331 368 1482 410 respexit

997 420 1198 459 Exaltando,
1224 417 1390 450 visitando

995 468 1060 499 Per
1084 474 1259 505 utrumque
1284 464 1508 502 Valentinum,

995 515 1085 555 Vita,
1111 516 1219 545 mente
1247 512 1472 549 caelestinum,

995 561 1117 593 Veram
1140 559 1240 591 fidem
1263 558 1467 591 informando

998 608 1046 640 Ut
1068 608 1265 639 intemerate

997 655 1042 687 Et
1065 655 1100 686 in
1125 653 1302 686 sanctitate

1000 701 1055 733 Sic
1079 702 1238 741 vivamus,
1265 700 1447 741 serviamus

998 749 1137 780 Domino
1163 756 1234 778 cum
1251 748 1378 779 timore.

999 795 1102 834 Quam
1127 795 1167 826 ob
1193 803 1273 831 rem,
1298 793 1433 830 fratres,

998 842 1201 874 Veneremur
1225 844 1337 881 patres

1000 889 1136 921 Sanctos
1161 889 1257 928 tales,
1283 887 1482 918 immortales

1002 936 1084 968 Cum
1108 935 1230 967 cantici
1254 935 1386 967 decore.

1065 1075 1111 1106 In
1136 1077 1167 1107 2.
1193 1075 1418 1115 VesperiS.

1118 1168 1163 1194 Ad
1184 1167 1362 1204 Magnifieat.

965 1271 971 1278 .
1006 1244 1129 1277 Christi
1152 1247 1313 1284 martyres
1338 1244 1439 1284 beati,

1002 1292 1112 1324 Verba
1135 1301 1201 1324 non
1225 1292 1344 1323 acerba

1002 1340 1216 1371 Renovantur

1002 1386 1041 1418 In
1065 1386 1125 1418 hos
1148 1386 1355 1425 Valentinos,

1004 1433 1094 1471 Quae
1118 1434 1255 1473 palavit,
1282 1433 1358 1465 dum
1383 1433 1553 1474 probi-avit

1003 1479 1193 1519 Discipulos
1217 1481 1418 1521 incredulos,

1003 1526 1183 1558 Anastasin
1206 1536 1273 1559 non
1299 1528 1490 1560 credentes:

1005 1572 1073 1604 Eos
1099 1574 1193 1613 signa
1217 1577 1398 1613 sequuntur
1423 1575 1531 1617 digna,

1008 1619 1071 1657 Qui
1092 1620 1128 1650 in
1151 1628 1203 1651 me
1226 1621 1374 1662 credunt,

1007 1665 1189 1698 Daemones
1217 1667 1348 1708 cedunt,

1008 1712 1046 1744 1n
1068 1722 1140 1745 meo
1165 1715 1307 1755 nomine,

1009 1760 1073 1792 Sed
1096 1769 1163 1792 non
1188 1761 1229 1793 ab
1255 1761 1397 1803 homine,

1007 1806 1111 1838 Novis
1136 1808 1313 1848 loquentur
1337 1809 1479 1851 linguis3

1008 1853 1070 1885 His
1097 1855 1243 1887 claruere
1268 1856 1370 1896 signis

1008 1900 1053 1931 Hi
1078 1900 1244 1933 Valentini
1267 1902 1368 1943 beati,

1009 1946 1048 1978 In
1071 1949 1170 1979 terris
1194 1949 1271 1980 olim
1295 1949 1409 1991 locati,

1011 1993 1072 2031 Qui
1095 1995 1130 2025 in
1152 1995 1271 2027 throno
1298 1997 1382 2027 caeli
1407 1997 1493 2030 dono

1011 2040 1108 2072 Nunc
1131 2040 1258 2081 fulgent
1283 2045 1441 2078 coronati.

344 2104 427 2131 Brev.
453 2112 504 2130 ms.
527 2103 664 2131 Curiense
683 2102 717 2139 (‘?)
737 2112 811 2131 saec.
831 2102 874 2131 15.
896 2104 965 2132 Cod.
984 2104 1070 2131 Arch.
1091 2104 1257 2141 Sangallen.
1279 2106 1433 2135 Fabarien.
1452 2109 1504 2136 IX.
1524 2125 1564 2129 -—

267 2142 306 2169 In
328 2139 352 2167 1.
371 2142 488 2176 Vesp.:
512 2141 539 2174 R,
562 2140 595 2168 11
615 2142 735 2169 Pravos.
753 2157 791 2161 —
809 2142 854 2169 Ad
866 2142 963 2177 Magn.
979 2141 1007 2172 A,
1020 2140 1040 2169 4
1054 2143 1085 2169 in
1099 2143 1176 2170 altis.
1192 2158 1229 2161 —
1241 2144 1316 2171 Ibid.
1333 2143 1368 2171 19
1380 2145 1510 2174 liberari.
1525 2163 1562 2167 -

267 2180 308 2206 In
333 2176 357 2205 1.
383 2179 497 2206 Noct.:
530 2179 549 2205 A
577 2177 602 2213 1,
624 2177 642 2207 3
661 2180 693 2206 in
713 2188 842 2215 quorum.
862 2194 900 2197 —
919 2179 937 2205 A
954 2178 980 2214 2,
1001 2178 1018 2206 5
1038 2180 1135 2207 saluti.
1156 2196 1193 2200 —
1213 2181 1232 2207 A
1253 2179 1278 2215 3,
1299 2180 1319 2209 4
1340 2182 1451 2211 Contra
1468 2185 1563 2214 hostis

268 2218 308 2244 im
329 2219 401 2243 etus.
414 2230 451 2234 —-
466 2216 483 2242 R
506 2214 530 2250 1,
552 2214 569 2243 6
593 2217 749 2244 Valentini.
764 2231 802 2236 --
822 2215 846 2251 1,
861 2216 878 2243 7
898 2218 982 2245 Lies:
1003 2219 1167 2253 aegrotati?
1180 2233 1220 2237 —
1233 2218 1251 2244 R
1275 2218 1299 2253 1,
1317 2218 1353 2246 12
1373 2218 1563 2251 effectam.—

270 2254 288 2280 R
327 2252 367 2287 ‚4
387 2256 580 2281 consacratur.
594 2270 631 2274 —
653 2254 670 2280 R
696 2252 722 2288 3,
751 2252 785 2282 10
811 2263 867 2290 que
892 2254 973 2282 fehlt.
1000 2273 1024 2276 —
1051 2255 1068 2280 R
1089 2253 1115 2289 3,
1138 2254 1172 2283 13
1192 2257 1260 2283 Dat.
1280 2273 1319 2277 —
1336 2258 1379 2285 In
1398 2257 1424 2286 2.
1448 2261 1564 2289 Noct.:

271 2292 290 2317 A
310 2289 337 2326 1,
351 2290 368 2318 5
388 2292 457 2319 Lies
477 2292 528 2319 Sic
546 2301 597 2327 per
620 2292 714 2319 dictos
733 2294 849 2328 patres?
862 2307 900 2312 —
914 2292 933 2318 A
946 2290 973 2327 3,
989 2290 1005 2319 1
1017 2293 1183 2321 Infremum.
1196 2308 1235 2313 —
1247 2296 1273 2322 A
1286 2293 1313 2329 3,
1327 2294 1344 2323 5
1359 2296 1511 2327 Sacerdos.
1528 2315 1566 2319 ———

272 2329 289 2355 Β
312 2326 336 2360 1,
356 2326 374 2355 2
393 2330 450 2355 viri
470 2332 587 2356 sumunt
606 2330 772 2357 Christiani.
788 2345 825 2349 —
839 2329 856 2355 R
877 2328 904 2365 2,
921 2328 939 2358 3
958 2330 1002 2360 Ab
1023 2330 1102 2360 fehlt.
1116 2347 1153 2351 —
1169 2332 1186 2358 R
1201 2330 1227 2366 3,
1243 2330 1259 2359 6
1273 2333 1343 2361 Lies
1357 2335 1451 2363 Addit
1462 2339 1565 2366 trium-

270 2367 440 2402 phatoribus
455 2366 523 2394 oder
538 2366 652 2403 iungit?
663 2382 701 2386 —-
713 2367 730 2393 R
746 2365 772 2401 3,
787 2366 804 2395 9
820 2367 901 2395 Caeli
914 2368 999 2396 necti.
1011 2383 1047 2387 —
1057 2369 1098 2396 In
1113 2367 1139 2397 3.
1153 2370 1268 2398 Noctu:
1285 2371 1304 2397 A
1319 2369 1344 2406 3,
1360 2369 1378 2400 3
1393 2377 1422 2401 et
1434 2374 1515 2403 fehlt.
1527 2391 1567 2396 -—-

272 2405 290 2431 A
305 2401 330 2438 3,
346 2402 362 2430 5
376 2404 461 2431 binus
475 2404 656 2432 Valentinus.
665 2405 725 2431 ——R
739 2403 763 2439 1,
777 2404 794 2432 7
807 2405 849 2432 Et
861 2406 1052 2435 sincera—R
1068 2406 1092 2441 1,
1105 2405 1121 2435 9
1136 2407 1215 2435 Statt
1229 2408 1314 2445 Euge
1327 2411 1413 2439 stand
1427 2413 1507 2442 wohl
1518 2424 1566 2443 ur*
