1655 2534
682 137 938 173 —164—

157 233 194 264 V.
222 232 285 264 Per
310 234 390 265 hanc
413 233 522 273 religio
549 233 712 275 exaltatur,

226 279 324 311 Fides
350 279 467 311 Christi
493 280 653 319 dilatatur,

225 326 317 357 Mens
341 324 481 358 fidelium
507 325 694 358 consolatur.

193 416 199 423 .
226 390 339 423 Curam
363 398 475 430 gerens
500 390 547 421 sui
571 391 674 430 gregis

225 438 355 469 Praesul
380 437 469 475 bona,
496 436 618 468 auctrix
643 437 731 476 legis,

224 484 401 515 Prudenter
425 483 613 523 aedificavit,

226 530 360 562 Domum
384 529 444 561 Dei
470 530 633 569 ampliavit

272 576 387 619 Verbo,
415 576 488 618 vita,
514 576 671 617 moribus;

186 650 192 656 .
221 622 293 655 Non
319 626 366 654 est
393 623 501 654 domus
526 623 647 655 ruitura

225 669 294 701 Hac
317 670 449 701 subnixa
473 670 663 709 praelatura,

227 715 405 748 Gloriemur
432 716 464 747 in
489 717 549 748 hac
575 716 676 757 domo,

228 763 293 801 Qua
316 763 409 794 beate
434 763 511 794 vivit
534 763 635 796 homo,

192 853 199 860 .
229 828 316 859 Vasus
342 828 444 859 oleum
467 828 632 859 includens

225 874 321 914 Virgo
347 874 473 912 sapiens
499 878 528 905 et
553 875 693 913 prudens

272 920 392 959 Sponso
417 921 522 961 pergit
545 921 678 960 obviam,

225 966 269 998 Ut
292 967 446 998 adventus
472 968 538 998 eius
563 968 640 999 liora

226 1012 423 1052 Praeparata
446 1014 513 1044 sine
538 1022 625 1044 mora

270 1060 371 1091 Intret
394 1060 435 1090 ad
460 1061 619 1099 convivia3

187 1129 193 1136 .
223 1106 285 1137 Vas
311 1106 452 1146 electum,
480 1116 533 1138 vas
558 1107 708 1139 virtutum

226 1152 397 1192 Reputavit
421 1154 502 1184 sicut
526 1154 626 1184 lutum

272 1199 359 1230 Bona
384 1200 576 1232 transitoria.

281 1347 325 1378 In
351 1347 381 1378 3.
409 1347 634 1381 Nocturno.

366 1439 558 1475 Antiphonae.

192 1537 198 1544 .
225 1514 366 1545 Instante
387 1514 472 1545 vitae
496 1515 628 1547 termino

222 1560 308 1591 Petit
329 1568 425 1599 regna
449 1562 597 1592 caelestia

222 1605 267 1637 Et
294 1607 454 1638 revelante
478 1607 611 1640 Domino

224 1651 322 1684 Novit
345 1656 457 1691 parata
481 1655 630 1692 praemia.

193 1743 199 1750 .
226 1716 424 1757 Regenfledis
450 1719 536 1750 caelo
561 1720 715 1763 redditur,

226 1762 410 1795 Sanctarum
436 1766 536 1796 coetui
560 1766 698 1807 iungitur

225 1809 269 1841 Et
297 1810 450 1849 virginum
477 1812 631 1844 consortio

226 1857 390 1888 Adhaeret
412 1865 531 1889 summo
555 1860 679 1897 gaudio.

192 1947 199 1954 .
226 1920 359 1953 Funeris
384 1926 489 1953 manet
512 1924 685 1965 integritas,

224 1968 337 2000 Odoris
362 1969 448 2007 viget
470 1970 618 2010 suavitas,

225 2015 260 2046 In
280 2016 377 2055 signis
399 2018 431 2045 et
450 2017 603 2056 prodigiis

224 2062 331 2093 Virtus
354 2066 547 2095 monstratur
571 2065 712 2105 virginis.

355 2154 562 2189 Responsoria.

190 2251 197 2259 .
222 2227 318 2260 Flore
341 2239 476 2263 vernans
501 2233 648 2272 virginali

225 2274 292 2306 Tua
316 2285 409 2315 prece
434 2280 564 2318 speciali

222 2320 289 2353 Nos
314 2324 459 2363 indignos
485 2327 623 2365 generali

273 2369 460 2403 Commenda
487 2373 611 2405 Christo
636 2375 744 2417 iudici,

831 234 869 265 V.
899 230 1099 271 Regenfledis
1125 232 1271 271 gloriosa,

904 278 1006 319 Casta,
1033 279 1118 310 mitis
1145 281 1177 309 et
1201 277 1347 315 formosa,

905 325 999 359 Cuius
1025 335 1109 357 mors
1135 327 1183 356 est
1206 325 1348 364 pretiosa

952 372 988 403 ln
1016 374 1185 411 conspectu
1208 371 1346 404 Domini.

870 464 876 471 .
902 437 949 468 Te
972 446 1118 478 rogamus
1143 439 1216 469 voto
1241 437 1322 476 pari,

902 484 1013 516 Laude
1038 485 1133 524 digna
1155 484 1317 524 singulari,

902 531 948 563 Ut
972 534 1114 562 errantes
1138 530 1171 561 in
1196 531 1257 562 hoc
1280 530 1360 561 mari

904 578 1001 609 Portu
1028 577 1124 608 donet
1148 577 1280 608 salutari

947 624 1025 663 Tua,
1052 633 1113 663 qua
1136 625 1249 663 polles,
1276 624 1390 666 gratia,

863 695 869 703 .
901 670 945 702 Ut
970 671 1126 709 possimus
1150 671 1234 702 servi
1258 671 1304 701 tui

901 718 1019 749 Tecum
1041 719 1153 748 sancta
1174 717 1245 748 luce
1268 715 1332 748 frui

950 764 986 795 In
1018 763 1144 799 caelesti
1169 764 1285 802 patria.

995 885 1036 917 In
1060 885 1288 919 Laudibus

1041 968 1236 1003 Antiphonae.

866 1061 872 1068 .
898 1033 1100 1073 Regenfledis
1124 1035 1289 1066 sollemnia

899 1082 1021 1112 Assunt
1044 1089 1127 1112 nunc
1152 1082 1299 1122 celebria,

899 1128 985 1166 Quae
1009 1137 1122 1167 magna
1148 1136 1216 1159 cum
1242 1129 1367 1160 laetitia

898 1173 1024 1205 Recolit
1046 1175 1190 1208 ecclesia.

842 1245 872 1269 ⁴.
899 1239 988 1271 Laeti
1017 1241 1113 1272 corde
1138 1243 1170 1271 et
1194 1242 1296 1273 animo

898 1286 1069 1318 Iubilemus
1095 1287 1259 1328 altissimo,

898 1333 955 1371 Qui
980 1336 1021 1374 te,
1048 1335 1147 1374 virgo,
1169 1336 1330 1367 miraculis

898 1379 1062 1411 Glorificat
1085 1381 1117 1411 in
1143 1383 1279 1421 populis.

864 1470 871 1477 .
897 1446 957 1487 En,
984 1447 1074 1486 signa
1099 1450 1130 1478 et
1154 1449 1301 1488 prodigia

899 1492 1121 1524 Monstrantur
1144 1494 1178 1524 in
1204 1495 1349 1535 confinia,

901 1539 981 1571 Sunt
1005 1540 1107 1579 aegris
1131 1542 1321 1580 multiplicia

897 1585 1043 1617 Membra
1067 1589 1196 1619 sanctae
1220 1590 1371 1623 remedia.

868 1677 874 1683 .
901 1650 925 1682 O
951 1650 1031 1682 mira
1057 1651 1174 1683 Christi
1199 1655 1309 1693 gratia,

899 1697 962 1729 Per
987 1706 1079 1737 quam
1105 1699 1193 1738 virgo
1219 1701 1334 1733 eximia

899 1743 954 1774 Fit
977 1752 1142 1785 aegrorum
1167 1748 1299 1790 medica,

898 1790 1088 1823 Miserorum
1113 1793 1224 1826 amica.

868 1882 875 1890 .
900 1856 1142 1895 Adplaudamus
1165 1859 1198 1891 in
1223 1861 1359 1901 organis,

899 1903 936 1934 In
960 1904 1111 1941 cymbalis
1137 1908 1169 1936 et
1193 1908 1351 1946 tympanis

902 1949 963 1980 Pro
988 1958 1122 1990 sponsae
1144 1961 1222 1984 suae
1246 1954 1382 1987 victoria

900 1994 950 2026 Sit
972 1996 1041 2028 laus
1065 1997 1134 2029 Deo
1158 2007 1217 2037 per
1242 2001 1355 2033 omnia.

1012 2079 1057 2106 Ad
1077 2080 1260 2110 Benedictus.

860 2170 867 2178 .
899 2144 990 2176 Omni
1013 2147 1108 2177 laude
1133 2148 1221 2189 virgo
1248 2150 1354 2190 digna,

899 2191 997 2223 Prece
1022 2192 1147 2225 Christo
1171 2205 1228 2227 nos
1255 2198 1413 2240 consigna,

899 2238 949 2269 Ne
973 2248 1029 2271 nos
1058 2240 1153 2272 draco
1178 2243 1284 2284 Stygis
1309 2245 1416 2279 laedat

899 2284 962 2316 Sed
986 2295 1045 2326 pro
1070 2288 1161 2319 nobis
1182 2290 1364 2324 intercedat

898 2332 967 2363 Tua
988 2337 1084 2373 parta.
1106 2336 1216 2377 gloria,

897 2378 941 2411 Ut
967 2380 1107 2413 vivamus
1130 2383 1163 2414 in
1189 2386 1303 2425 patria.

1419 2273 1426 2288 5
