1655 2534
676 101 933 137 -181—

225 194 286 233 Qui
310 195 401 228 nobis
426 196 599 228 salubriter
906 197 1024 230 Locum
1051 197 1134 230 huno
1158 199 1312 239 insignem
1336 198 1415 230 fecit

274 241 369 273 Hunc
394 243 450 275 dat
475 244 517 275 ad
541 244 702 276 honorem.
906 244 951 276 Et
974 247 1069 284 caput
1093 246 1182 285 regni
1206 245 1350 285 perfecit.

973 328 1017 360 1n
1043 329 1075 361 2.
1102 330 1316 368 Vesperis.

344 363 392 390 Ad
412 364 596 392 Benedictus.
1025 392 1071 420 Ad
1090 393 1269 429 Magnifica·

154 437 196 473 A.
227 437 399 471 Benedixit
422 439 621 480 Nuremberg
838 442 879 473 A.
910 441 993 472 Laus
1017 440 1052 471 in
1076 441 1138 473 fine
1164 442 1358 482 decantetur,

272 484 358 517 Deus
384 487 423 518 ab
449 490 588 525 aeterno,
907 488 975 519 Rex
1001 487 1157 520 caelorum
1182 492 1358 529 veneretur,

228 532 287 571 Qui
314 532 354 563 de
378 535 466 565 tanto
491 537 625 573 patrono
909 534 966 572 Qui
992 533 1163 567 Sebaldum
1188 538 1331 566 sanctum
1357 536 1445 567 dedit

274 579 420 612 Providit
442 581 516 612 huie
540 581 619 620 loeo,
905 581 990 612 Huic
1009 581 1078 613 loeo
1105 585 1135 613 et
1161 582 1304 614 concedit

231 625 341 657 Gloria
366 629 397 658 et
420 628 523 659 honor
547 628 616 660 Deo
911 627 982 659 Suis
1008 628 1061 659 hic
1085 629 1281 668 supplicibus

228 672 417 712 Specialiter
442 683 500 713 pro
526 683 571 712 eo,
909 675 975 706 Piis
999 675 1229 707 interventibus

274 720 364 759 Quod
389 721 428 752 de
453 721 549 752 tantis
573 721 716 752 terminis
908 721 987 753 Eius
1012 723 1093 753 votis
1120 722 1273 761 exaudiri,

274 766 436 798 Extremis
461 771 493 798 et
516 768 630 798 mediis
909 767 977 799 Deo
1004 768 1119 808 iugiter
1143 769 1235 801 uniri.

230 831 315 858 Brev.
341 839 394 858 ms.
415 832 667 866 Nurembergense
692 840 768 859 saec.
796 829 840 859 15.
868 831 937 858 Cod.
963 832 1189 869 Nurembergen.
1214 834 1272 861 VII
1296 831 1341 861 56.
1367 834 1401 861 A.
1425 848 1460 852 —

153 870 239 897 Brev.
259 868 446 897 Trebonense
466 877 541 896 saec.
564 867 606 896 15.
629 868 697 896 eod.
718 870 841 905 Pragen.
862 869 905 896 VI
923 869 949 896 F
967 867 1011 896 20.
1033 870 1065 896 Β.
1086 885 1123 889 -
1141 872 1225 898 Brev.
1245 871 1459 906 Bambergense

152 908 229 972 51).-
245 906 361 971 s.Sl.het‚
379 906 648 977 a.-(H]2÷›;nds)eh1(·]iftl.
667 907 853 971 Efftraghiffim
872 906 1031 950 Exemplar
1048 907 1110 972 desl
1118 908 1459 972 Fffffiislssanerksssters

187 952 252 971 aria
296 952 312 971 e
332 952 387 971 nee
410 953 442 971 111
487 952 518 971 ra
552 963 557 970 .
603 964 611 970 .
629 959 668 963 —
720 952 779 971 rev.
832 952 949 970 isnense
966 953 1007 970 im
1029 964 1035 970 .
1057 952 1078 971 s.
1113 964 1118 970 .
1197 961 1222 971 ,.
1274 965 1280 971 .
1298 959 1335 963 -
1384 954 1459 972 ium.

153 982 305 1009 Misnense
324 982 393 1016 imp.
413 952 539 1017 Lipsiag
556 979 627 1008 1511
648 981 684 1008 E.
704 996 741 1000 —
761 982 845 1009 Brev.
866 953 1026 1008 Misnensep
1034 982 1103 1018 imp.
1126 983 1247 1018 Lipsiae
1268 980 1349 1009 1517.
1370 983 1402 1009 F.
1422 997 1460 1001 —

151 1020 193 1047 In
224 1017 250 1046 1.
276 1019 380 1054 Vesp.
407 1019 501 1055 Super
525 1019 574 1046 Ps.
599 1019 633 1052 A,
661 1016 679 1046 3
704 1027 780 1046 novo
802 1018 832 1045 O.
857 1032 895 1037 —
921 1018 995 1046 Ibid.
1017 1018 1034 1045 7
1054 1027 1097 1056 sq.
1117 1020 1254 1047 laudibus
1274 1021 1371 1055 potius
1393 1019 1459 1054 0D3

155 1057 265 1084 divinis
285 1056 359 1083 fehlt
377 1056 408 1085 O.
428 1071 468 1075 —-
488 1054 517 1090 R,
538 1055 555 1084 6
574 1057 687 1084 Praebe
707 1059 789 1083 tuum
809 1063 922 1091 semper
941 1056 975 1083 B.
995 1071 1032 1075 —
1052 1056 1146 1093 Super
1162 1058 1250 1085 Nunc
1268 1057 1336 1084 dim.
1358 1057 1376 1083 A
1389 1057 1462 1084 fehlt

152 1095 187 1122 B.
208 1109 245 1113 —
272 1095 313 1122 In
335 1092 359 1120 1.
380 1094 487 1123 Noet:
509 1092 531 1120 A
555 1092 579 1128 1,
599 1091 617 1121 3
636 1094 782 1121 Malorum
801 1093 874 1121 fehlt
897 1094 927 1120 G.
947 1108 985 1112 —
1006 1092 1028 1120 A
1049 1092 1075 1128 2,
1095 1093 1115 1121 4
1134 1095 1222 1122 Haud
1242 1096 1460 1122 eonnunitatem

155 1133 193 1160 D.
214 1147 250 1150 —
273 1129 293 1157 R
316 1130 340 1164 1,
362 1130 379 1158 5
400 1134 429 1159 et
448 1131 629 1159 immundum
650 1131 680 1159 C.
710 1147 738 1151 —
759 1129 778 1157 R
801 1129 826 1165 2,
848 1128 866 1158 3
882 1139 897 1158 e
915 1131 989 1159 fehlt
1009 1131 1039 1159 Ο.
1059 1146 1096 1151 —
1118 1130 1138 1158 R
1154 1130 1179 1166 2,
1199 1131 1219 1159 4
1233 1133 1361 1160 eminens
1377 1132 1407 1159 Ο.
1422 1147 1457 1151 -

152 1170 193 1197 In
218 1167 244 1195 2.
273 1170 389 1196 Noet.:
417 1169 443 1196 A
464 1166 489 1203 3,
512 1167 529 1197 3
553 1177 659 1196 nomen
684 1169 804 1196 Domini
829 1168 887 1195 OD.
913 1183 949 1187 —-
973 1166 993 1194 R
1017 1167 1040 1202 1,
1064 1168 1098 1197 10
1119 1172 1163 1197 et
1180 1170 1348 1197 benedictus
1371 1168 1400 1196 O.
1422 1185 1459 1189 —

157 1206 178 1234 R
206 1205 237 1240 2,
265 1205 284 1233 4
309 1206 382 1233 haee
407 1207 457 1234 sed
483 1207 571 1243 longe
589 1207 623 1234 B.
650 1221 687 1225 —
707 1204 727 1232 R
754 1204 781 1240 2,
801 1204 819 1233 8
838 1206 890 1233 ubi
911 1207 969 1233 sibi
990 1206 1020 1234 O.
1042 1221 1077 1226 -
1102 1205 1144 1234 In
1164 1205 1190 1235 3.
1211 1208 1326 1235 Noeta
1349 1205 1370 1233 A
1393 1205 1418 1241 1,
1440 1205 1458 1234 2

155 1247 188 1272 111
212 1244 402 1272 tabernacula
421 1245 458 1271 D.
484 1259 517 1263 —
539 1243 561 1270 A
588 1242 619 1277 3,
649 1242 664 1271 1
686 1244 834 1272 Generosa
851 1244 1093 1280 Nurmbergensis
1109 1246 1142 1273 Β.
1169 1259 1206 1263 -
1225 1245 1251 1272 Α
1272 1242 1302 1278 3,
1331 1242 1350 1271 4
1367 1245 1461 1272 Tollit

154 1283 186 1311 Ο.
211 1296 250 1300 —-
278 1282 296 1307 A
318 1279 349 1315 3,
378 1279 395 1308 5
412 1283 570 1317 patrocinii
588 1282 662 1309 fehlt
681 1282 713 1308 C.
733 1298 771 1302 —
792 1279 812 1307 R
834 1279 864 1315 2,
895 1279 909 1308 1
931 1282 1055 1309 barbara
1077 1282 1106 1310 Ο.
1128 1297 1164 1301 -
1186 1280 1205 1308 Β
1227 1280 1258 1315 2,
1287 1281 1303 1310 6
1319 1284 1460 1318 permittit

153 1321 216 1348 fore
246 1319 325 1347 dieta
344 1318 374 1346 Ο.
396 1334 432 1339 —
458 1319 476 1345 R
497 1317 523 1355 3,
545 1317 560 1346 1
581 1320 617 1347 In
636 1320 709 1347 festo
731 1320 767 1346 D.
786 1334 825 1339 —
843 1319 884 1346 In
906 1319 1017 1346 Laud.
1038 1317 1060 1345 A
1084 1318 1114 1354 1,
1140 1318 1157 1348 3
1177 1323 1237 1347 tam
1250 1320 1323 1347 fehlt
1334 1320 1372 1353 Β,
1401 1320 1459 1353 Qui

152 1367 205 1395 per
233 1357 307 1384 fehlt
333 1357 364 1384 C.
397 1372 431 1376 -
463 1357 482 1383 A
521 1356 547 1391 2,
577 1355 595 1385 3
620 1358 796 1384 monstravit
824 1357 857 1383 B.
888 1371 925 1375 —
955 1357 981 1384 A
1007 1354 1032 1390 3,
1061 1355 1078 1385 3
1105 1360 1257 1393 praestans
1285 1358 1321 1385 D.
1349 1372 1387 1376 —
1412 1357 1456 1384 Ad

153 1395 261 1424 Bened.
289 1395 321 1427 A,
350 1392 384 1422 10
411 1397 500 1428 eaput
522 1396 605 1431 regni
630 1395 770 1430 praefecit
795 1394 827 1422 B.
858 1409 895 1413 —
920 1394 1017 1422 Hiezu
1042 1395 1093 1423 der
1119 1396 1268 1430 Hymnus:
1308 1396 1458 1430 Hymnum

152 1435 253 1461 cantet
272 1433 354 1468 plebs
375 1433 502 1460 iucunda
519 1431 606 1467 (Dan.
626 1433 649 1466 Ι,
670 1429 745 1466 318).

585 1552 630 1584 65.
670 1552 712 1583 De
733 1552 840 1583 saneto
861 1551 1016 1583 Severino.

291 1633 337 1665 In
364 1632 394 1666 1.
420 1633 639 1673 vesperis,
847 1633 877 1666 3.
903 1632 966 1664 Hic
993 1631 1066 1663 dum
1090 1632 1174 1663 inter
1196 1632 1360 1671 imperitos

953 1678 1091 1711 Verbum
1112 1679 1173 1711 Dei
1197 1679 1340 1719 seminat,

367 1725 561 1761 Antiphonae.
903 1727 967 1759 Per
991 1726 1050 1758 hoe
1075 1727 1162 1759 Deus
1187 1725 1326 1758 infinitos

952 1773 1086 1805 Errores
1113 1774 1263 1815 eliminat,

904 1821 962 1860 Qui
983 1820 1120 1854 absolvit
1145 1821 1340 1860 compeditos

950 1867 994 1899 Et
1018 1876 1127 1900 caecos
1150 1868 1319 1900 illuminat.

848 1926 880 1957 4.
906 1925 979 1957 Arii
1004 1933 1080 1964 quos
1106 1924 1286 1956 errabunda

947 1971 1071 2004 Foedat
1097 1972 1290 2011 adinventio,

165 1800 197 1835 1.
223 1801 348 1833 Mentes
374 1804 406 1833 et
429 1802 552 1842 linguas
578 1803 697 1834 excitat

273 1847 417 1880 Severini
442 1849 603 1891 memoria,

220 1895 279 1935 Qui
305 1895 371 1935 iugi
395 1904 492 1938 prece
514 1894 637 1937 flagitat

271 1943 332 1976 Pro
358 1945 400 1984 te,
426 1946 537 1976 saneta
563 1943 703 1983 Colonia,

223 1990 336 2033 Deum,
364 1991 417 2030 qui
441 1991 537 2024 caelis
561 1991 686 2024 habitat
903 2018 944 2051 Se
967 2018 1046 2050 erim
1092 2028 1109 2051 0
1123 2029 1132 2036 v
1158 2017 1297 2050 facunda

268 2037 313 2069 Et
337 2039 471 2078 respicit
493 2039 635 2071 humilia.
945 2029 1281 2105 {urgatvchontqgio

1093 2087 1102 2098 '-
1212 2086 1220 2097 ²
1285 2090 1292 2105 7

163 2125 196 2156 2.
224 2123 347 2162 Gaude,
373 2127 475 2156 mater
501 2124 644 2165 ecclesia,
901 2113 970 2145 1)Εο
995 2115 1103 2145 ”OStPO
1127 2113 1170 2144 Sit
1190 2113 1329 2144 iucunda

220 2170 367 2214 Laetare,
394 2171 469 2204 Sion
494 2170 571 2214 filia,
948 2160 1135 2200 Decoraque
1159 2160 1309 2192 laudatio.

268 2218 369 2250 Tanto
394 2222 487 2259 patre
512 2219 614 2259 beata,
840 2219 872 2251 5.
896 2217 1052 2249 Errantes
1078 2216 1248 2249 enormiter

219 2265 282 2297 Per
305 2265 392 2300 cuius
418 2269 466 2298 est
491 2266 615 2306 eloquia
948 2263 1014 2296 Nos
1040 2272 1060 2295 a
1084 2263 1174 2296 fonte
1197 2264 1273 2295 boni

217 2311 279 2344 Dei
297 2313 517 2348 misericordia.
901 2311 1043 2344 Reduxit
1066 2312 1118 2343 hie
1141 2311 1255 2353 iugiter

266 2359 369 2399 Super
393 2364 426 2393 te
451 2360 643 2395 confirmata.
950 2358 1062 2391 Studio
1086 2359 1224 2399 patroni,
