1655 2534
729 127 952 162 -194-

283 222 328 254 Et
353 222 479 254 caelesti

306 268 406 308 gratia
430 269 538 300 rorida
549 270 555 299 Ξ

249 349 257 357 .
281 324 399 356 Laetus
422 323 455 356 in
478 324 646 356 solitudine

284 370 472 402 Sozomenus
496 370 668 402 certamina

285 417 370 449 Vicit
392 417 630 448 mansuetudine

282 463 405 495 Devota
430 471 542 495 canens
571 463 718 498 carmina,

246 533 253 541 .
281 511 354 542 Iesu
380 509 496 541 Christi
520 508 662 540 suffultus
687 508 788 549 gratia

287 555 454 595 Superavit
479 556 604 587 diversa
628 555 758 596 proelia.

250 634 257 643 .
282 611 367 642 Mira
391 608 515 642 refulsit
541 610 642 649 gratia

283 657 481 696 Sommenus,
508 665 599 696 quem
626 658 754 689 colimus

282 703 359 736 Cum
385 704 531 735 contione
555 703 649 743 socia,
676 721 679 724 -

279 750 361 789 Quos
386 757 444 780 nec
467 750 554 781 locus
580 751 771 788 asperrimus

278 796 405 827 Terruit
430 805 487 827 nec
511 796 628 836 inedia,

278 842 363 874 Vicit
386 850 444 873 nee
468 842 558 874 labor
582 843 756 886 plurimu53

239 913 247 921 .
278 889 323 921 Et
346 889 424 920 haee
447 898 523 921 vera

327 939 374 966 est
396 935 586 975 innocentia,

277 983 373 1022 Quam
398 991 461 1014 non
482 983 548 1014 urit

329 1029 590 1067 concupiscentia.

344 1121 388 1152 In
412 1121 441 1153 3.
468 1121 694 1156 Nocturno,

418 1202 611 1238 Antiphonae.

248 1293 256 1302 .
281 1268 448 1301 Aestuavit
472 1269 565 1300 nimis

326 1315 403 1347 Cum
428 1316 624 1347 vehementia

277 1360 445 1400 Suspirans
470 1363 502 1393 in
527 1362 598 1392 imis

326 1408 379 1439 Ad
404 1409 482 1440 caeli
506 1408 631 1448 gaudia.

247 1489 254 1496 .
280 1464 491 1495 Transeuntes
516 1462 637 1504 fugiens

326 1510 440 1541 Mundi
465 1511 629 1553 vanitates,

277 1556 403 1587 Floruit
426 1557 582 1588 subiciens

327 1601 436 1633 Carnis
460 1604 646 1642 volup⁴ates.

247 1685 253 1692 .
281 1658 366 1690 Caeli
391 1658 487 1690 vitam
511 1659 635 1700 peragit

324 1704 448 1736 Sanctis
471 1714 507 1736 se
532 1704 740 1745 conformans,

278 1751 332 1783 Ad
356 1751 474 1783 maiora.
497 1752 613 1791 satagit

326 1797 435 1829 Socios
460 1797 643 1832 informans.

415 1880 620 1916 Responsoria.

243 1962 250 1970 .
275 1937 354 1969 Iusti
381 1937 465 1969 clare

320 1989 395 2015 tunc
420 1983 504 2017 fama
529 1989 655 2018 resonat

277 2031 448 2070 Sozomeni‚

324 2078 397 2108 dum
423 2079 524 2110 calcat
546 2080 714 2122 saeculum,

276 2124 368 2155 Nunc
398 2125 436 2156 de
462 2126 547 2157 caelo

324 2171 437 2202 clarius
461 2173 582 2204 intonat

275 2217 368 2248 Miris
393 2218 489 2258 signis

322 2264 484 2296 consolans
508 2266 678 2306 populum;

238 2334 245 2343 ,
274 2309 444 2342 Praefulsit
467 2313 553 2343 velut
577 2314 738 2351 speculum

275 2356 458 2389 Dissolvens
484 2359 592 2390 mundi
618 2360 784 2393 vinculum.

884 593 920 624 V.

922 246 928 253 .
951 221 1069 253 Rectae
1095 221 1178 252 vitae

1002 269 1161 300 doctorem
1190 266 1377 307 praeferunt

956 314 1160 346 Sozomenum

1002 361 1116 401 Vason,
1144 361 1295 401 Agapius,

954 406 1114 449 Galasion‚

998 455 1136 493 Aristus,
1164 454 1307 487 referunt

952 500 1003 532 Ex
1027 501 1087 532 hoc
1111 500 1248 533 fructum

1000 548 1111 579 salutis
1140 548 1274 589 plenius,

952 593 1155 625 Intendentes

999 640 1072 672 huic
1095 640 1277 681 magisterio

952 686 1161 719 Profecerunt

1002 735 1127 765 virtutis
1158 735 1274 768 studio.

919 813 926 821 .
952 789 1025 821 Dux
1050 790 1239 822 Sozomenus
1264 799 1437 830 paucorum

998 835 1115 868 Factus
1143 837 1216 869 dum
1241 838 1330 869 auxit
1353 838 1477 877 merita,

952 882 1080 915 Effulsit
1104 884 1159 915 lux
1184 885 1391 923 plurimorum

999 930 1034 961 In
1060 930 1202 962 veritatis
1227 932 1357 970 semita3

950 976 1019 1007 Iam
1044 986 1126 1008 nunc
1150 978 1184 1008 in
1208 987 1304 1017 regno
1330 979 1491 1010 caelorum

999 1024 1144 1055 Praemia
1168 1025 1263 1055 sumit
1284 1024 1401 1058 debita.

913 1093 920 1100 .
952 1069 1009 1100 Vir
1033 1071 1164 1109 insignis
1188 1072 1252 1103 vim
1277 1071 1421 1104 laborum

1002 1117 1125 1148 Virtute
1149 1117 1226 1149 vicit
1249 1118 1369 1157 inclita,

952 1161 1044 1194 Nunc
1066 1163 1204 1196 concivis
1229 1165 1411 1204 angelorum

998 1210 1114 1250 Fulget
1138 1219 1254 1243 corona
1276 1211 1412 1246 reddita.

1042 1304 1059 1335 I
1068 1314 1088 1335 n
1114 1303 1140 1334 L
1149 1313 1168 1335 a
1176 1313 1197 1335 u
1208 1305 1277 1336 dib
1286 1314 1308 1336 u
1317 1314 1342 1337 s.

1093 1377 1288 1413 Antiphonae.

919 1458 926 1466 .
953 1434 1140 1467 Constanter
1165 1444 1261 1477 agens
1286 1436 1422 1469 militum

1000 1481 1118 1514 Christi
1141 1480 1245 1514 fidelis
1271 1483 1385 1524 contio,

952 1527 1079 1559 Labore
1103 1537 1256 1568 quaerens
1281 1530 1434 1563 meritum

999 1576 1065 1606 Iam
1091 1574 1192 1615 fulget
1215 1575 1322 1608 fruens
1348 1579 1500 1616 praemio.

920 1656 926 1662 .
953 1632 1066 1663 Artam
1091 1632 1174 1663 viam
1199 1633 1310 1672 tenuit,

999 1678 1085 1716 Quae
1110 1678 1197 1710 ducit
1221 1680 1262 1711 ad
1288 1680 1418 1723 caelum,

951 1724 1008 1756 Vir
1033 1728 1159 1756 sanctus
1183 1735 1258 1758 vero
1283 1727 1390 1760 timuit

997 1772 1121 1804 Inimici
1146 1773 1253 1805 telum.

917 1851 923 1858 .
949 1826 1134 1860 Doctrinam
1161 1831 1348 1862 catholicam

997 1875 1122 1907 Docens
1148 1878 1364 1915 praedicando

951 1921 1190 1955 Demonstravit
1215 1925 1365 1958 caelicam

993 1969 1083 2000 Viam
1112 1971 1284 2009 operando.

917 2049 924 2056 .
952 2023 1092 2056 Gloriam
1119 2026 1308 2058 Sozomenus

998 2071 1125 2104 Obtinet
1150 2071 1183 2104 in
1209 2073 1316 2113 caelis,

951 2117 1076 2149 Meritis
1101 2118 1281 2151 nullatenus

999 2164 1108 2196 Cesset
1130 2165 1199 2197 laus
1224 2166 1339 2201 fidelis,

917 2243 924 2251 .
950 2219 1076 2252 Laudes
1103 2224 1207 2254 cantet
1234 2223 1378 2256 devotius

997 2267 1109 2299 Coetus
1133 2268 1328 2307 clericorum,

953 2313 998 2345 Ut
1021 2319 1231 2354 prosequatur
1254 2323 1432 2358 promptius

997 2361 1105 2393 Turba
1129 2365 1315 2398 ceterorum.
