1655 2534
279 196 379 229 Amor
402 204 559 235 nunquam
585 194 700 234 deficit,

279 243 342 275 Sed
367 243 480 275 crescit
504 244 535 273 et
557 241 691 282 perficit,

280 290 359 329 Quia
381 289 426 321 nil
450 297 484 321 se
509 288 606 320 obicit

323 338 362 369 In
385 344 533 370 amorem,

248 417 255 425 .
281 393 394 433 Sicque
418 391 495 424 felix
520 390 645 430 hospita

282 439 407 472 Christo
431 440 497 471 tota
523 437 632 470 dedita

281 486 391 518 Secum
416 487 465 516 est
488 483 632 525 apposita

327 532 479 570 Gloriose,

280 579 345 610 Nos
369 587 427 616 per
451 577 541 608 huius
565 576 687 615 merita,

279 625 413 662 Christe,
439 625 549 655 laxans
574 622 681 654 debita

278 671 348 702 Duc
371 670 412 701 acl
439 669 516 701 caeli
541 669 652 700 abdita

324 716 476 749 Gratiose,

394 798 438 825 Ad
458 797 636 833 Magnificat.

241 890 248 898 .
279 866 383 897 Adest
408 865 474 896 dies
499 864 705 906 triumphalis,

281 912 347 950 Quo
375 912 487 944 devota
511 910 657 951 specialis

326 958 444 990 Christi
466 966 586 989 sursum
612 957 744 995 vehitur,

279 1004 408 1036 Martha
434 1004 528 1043 digna
551 1012 672 1035 summa
694 1002 776 1043 lucc,

283 1051 409 1083 Caelum
433 1050 558 1081 scandit
582 1049 705 1081 Christo
732 1049 811 1080 (1060

327 1097 372 1129 Et
395 1097 461 1129 Deo
487 1096 693 1135 coniungitur.

353 1236 414 1268 Ad
438 1236 696 1268 Matutinum.

410 1315 623 1341 Invitatorium.

279 1383 417 1413 Aeterno
442 1381 508 1420 regi
533 1380 667 1413 omnium

324 1428 465 1459 Laudem
487 1428 644 1458 solvamus
670 1426 817 1467 debitam,

281 1474 339 1512 Qui
363 1483 396 1505 m
422 1476 506 1505 terra
530 1473 699 1505 viventium

326 1520 463 1552 Coronat
486 1529 573 1550 suam
597 1519 761 1558 hospitam.

340 1659 386 1691 111
412 1660 442 1691 1.
468 1659 694 1694 Nooturno.

431 1736 624 1772 Antiphonae.

250 1831 257 1837 .
282 1804 487 1836 Ministrabat
510 1804 646 1835 sollicita

281 1850 405 1882 Christo
430 1850 533 1882 fidelis
558 1851 693 1891 hospita,

326 1897 376 1929 De
399 1906 508 1929 sorore
532 1897 740 1936 conqueritur,

328 1945 417 1983 Quod
432 1953 537 1975 secum
554 1953 615 1976 non
632 1944 823 1983 obsequitur.

223 2002 254 2034 2.
279 2000 418 2039 Martha,
442 1999 581 2041 Martha,
599 2000 674 2039 quid
692 2000 827 2033 turbaris

327 2048 389 2080 Per
413 2046 559 2087 frequens
584 2046 814 2080 ministerium?

280 2095 379 2126 Porro
403 2103 509 2132 unum,
534 2104 595 2134 quo
618 2094 733 2131 beariS,

326 2140 399 2172 Tibi
424 2144 473 2173 est
495 2141 715 2175 necessarium,

226 2204 254 2228 ·.
283 2196 384 2229 Glaris
409 2199 478 2230 orta
502 2197 658 2229 natalibus

282 2243 406 2275 Sanctis
429 2246 559 2276 ornatur
581 2245 732 2284 moribus,

328 2290 398 2322 Viri
423 2300 573 2330 spernens
599 2291 757 2324 consortia

330 2337 444 2377 Sponsi
469 2338 612 2370 caelestis
635 2338 747 2380 gratia.

1089 189 1293 226 Responsoria.

897 250 927 282 1.
953 248 1085 280 Mittens
1110 249 1143 279 in
1169 248 1230 279 hoc
1254 245 1398 277 exsilium

953 296 1048 327 Pater
1073 294 1217 327 caelestis
1242 292 1352 331 filium,

1000 341 1165 374 Subintrat
1182 339 1363 373 solitudinis

1001 389 1152 429 Campum
1167 396 1227 427 per
1243 387 1348 418 alvum
1361 383 1504 425 virginis,

914 459 921 466 .
952 435 1119 467 Garentem
1144 433 1302 466 domicilio

954 481 1084 513 Martha
1106 481 1229 520 recepit
1251 479 1382 519 proprio

999 527 1212 559 Ministrando
1238 527 1385 559 fideliter.

920 610 926 617 .
954 583 1045 615 Veris
1072 583 1150 615 caeli
1177 582 1299 615 deliciis

999 631 1137 670 Intcnta,
1164 639 1246 669 quae
1270 630 1465 669 gustaverat,

954 677 1031 709 Cum
1056 676 1177 716 magnis
1202 674 1402 708 abstinentiis

999 725 1130 757 Carnem
1155 723 1299 755 ieiunans
1324 725 1476 763 macerat,

914 796 921 803 .
951 770 1071 802 Mentis
1092 771 1196 802 nitens
1220 769 1362 809 puritate

952 817 997 849 Et
1021 817 1125 848 carnis
1151 817 1334 857 virginitate

1002 863 1067 895 Viri
1093 864 1216 903 spernit
1242 862 1430 903 contagium.

896 922 926 952 ‘.
952 919 1045 952 Suam
1070 919 1213 953 Christus
1236 918 1389 951 familiam

999 966 1138 998 Sublatis
1163 965 1384 1006 gubernaculis

952 1013 1053 1044 Maris
1079 1014 1274 1045 commissam
1299 1012 1446 1044 fluctibus

998 1059 1083 1091 Mire
1106 1059 1194 1092 vehit
1218 1060 1415 1099 Marsiliam3

882 1107 920 1138 V,
949 1107 1092 1147 Praesffl,
1117 1106 1258 1146 Martha,

1044 1162 1135 1185 soror
1156 1155 1188 1184 et
1212 1154 1354 1186 Lazarus

950 1199 1162 1239 Exponuntur

1046 1246 1086 1277 ab
1110 1246 1304 1279 infidelibus.

999 1292 1084 1324 Mari
1109 1294 1177 1325 sine
1201 1294 1343 1334 remigio.

1017 1434 1062 1465 In
1088 1435 1119 1465 2.
1145 1433 1375 1466 Nocturno.

1094 1505 1287 1541 Antiphonae.

921 1587 928 1596 ,
957 1563 1069 1595 Fidem
1095 1562 1232 1595 facunde
1257 1564 1446 1602 praedicans

1002 1610 1154 1642 coruscat
1177 1618 1236 1649 per
1257 1610 1420 1649 miracula,

952 1655 1072 1688 Multos
1096 1658 1139 1689 ad
1162 1657 1325 1689 Christum
1352 1666 1506 1689 revocans

1000 1703 1049 1734 De
1074 1703 1235 1735 caecitatis
1260 1703 1384 1737 nebula.

920 1782 928 1790 .
954 1759 1006 1790 Ad
1031 1759 1081 1790 sui
1100 1768 1215 1792 nomen
1239 1760 1386 1800 hospitis,

954 1805 1071 1838 Beatae
1096 1807 1244 1839 Marthae
1265 1808 1388 1839 meritis

997 1853 1214 1886 Resuscitatur
1233 1855 1355 1886 iuvenis

998 1900 1099 1939 Aquis
1124 1900 1304 1932 submersus
1328 1900 1476 1934 fluminis.

921 1980 928 1987 .
955 1955 1092 1987 Draconi
1117 1964 1195 1987 crux
1219 1957 1401 1997 opponitur,

953 2001 1059 2033 Draco
1082 2002 1231 2034 Marthae
1255 2004 1478 2049 prosternitur,

1000 2049 1097 2087 Quem
1122 2058 1178 2081 suo
1204 2058 1308 2082 coram
1333 2052 1452 2090 populo

1000 2095 1129 2127 Martha
1154 2096 1267 2136 ligavit
1290 2097 1424 2138 cingulo.

1090 2189 1297 2225 Responsoria.

923 2272 928 2278 .
955 2245 1008 2277 Ad
1034 2244 1153 2278 Christi
1178 2247 1289 2279 matris
1311 2249 1446 2289 gloriam

954 2292 1071 2324 Miram
1092 2291 1207 2325 fundat
1231 2295 1397 2329 ecclesiam

1000 2339 1150 2373 Ministra
1173 2342 1325 2385 cantatis,
