1655 2534
709 128 961 164 —228—

327 229 371 261 In
397 230 428 261 2.
451 228 557 267 Vesp
571 227 665 258 eris.

408 320 600 355 Antiphonae.

209 400 242 432 1.
270 397 447 435 Gratulare,
474 396 596 434 Suevia,

315 443 439 475 Nobilis
462 443 589 482 patroni

269 490 429 524 Suscitans
454 488 621 528 praeconia

314 536 405 568 Nova
428 536 522 567 laude
546 533 659 565 throni.

218 614 249 646 2.
274 610 337 644 Ubi
362 610 475 641 ludunt
498 608 612 647 phialis

318 656 462 688 Summae
486 654 690 691 hierarchiae,

272 704 383 736 Coram
408 710 486 741 agno
509 700 660 740 cymbalis

320 749 511 780 Resonantes
536 747 597 786 pie.

218 828 249 860 3,
274 823 403 862 Plaude,
429 824 537 860 mater,
563 820 628 852 filio

320 869 437 901 Plausu
460 868 662 906 laetabunda,

279 916 372 950 Cuius
396 914 571 954 patrocinio

322 961 441 994 Laudis
467 969 499 991 es
524 959 670 991 fecunda.

227 1040 258 1071 4.
283 1036 376 1077 Ecce,
404 1043 516 1075 vesper
538 1034 648 1065 orbitis

330 1082 432 1121 Gyrat
455 1081 657 1121 occidentem,

936 222 1019 254 Dum
1043 221 1093 252 vir
1117 220 1214 251 tantis
1238 218 1359 249 meritis

984 267 1067 299 Solis
1090 267 1205 306 implet
1228 269 1364 305 gentem,

1058 331 1102 359 Ad
1120 330 1298 366 Magnificat.

868 383 909 416 A.
938 380 1008 421 Eia,
1034 380 1161 419 praesul
1188 379 1268 411 alme
1294 378 1364 418 Dei,

988 426 1194 458 Sacerdotum
1219 426 1330 465 gloria,

942 474 1000 512 Qui
1026 473 1209 504 charactere
1233 471 1308 503 fidei

988 519 1118 551 Morbos
1144 522 1175 550 et
1201 519 1373 556 daemonia,

941 566 1080 599 Mortem
1104 565 1197 604 pellis
1220 567 1255 596 ut
1280 565 1341 596 diei

990 613 1155 651 Langueat
1179 612 1318 653 malitia,

946 660 1066 697 Gaude,
1093 659 1179 689 cuius
1205 662 1253 689 est
1276 658 1447 689 iucundum

995 705 1140 736 Nominis
1169 705 1381 744 praeconium,

947 752 1082 785 Chorum
1109 761 1201 783 cerne
1225 751 1450 783 laetabundum

995 798 1114 830 Laudis
1139 799 1180 830 ad
1206 799 1400 838 obsequium,

948 845 1174 878 Tabescentem
1197 844 1270 876 fove
1293 845 1445 876 mundum

997 892 1089 923 Vitae
1114 893 1192 923 dans
1218 892 1403 933 subsidium,

949 938 1016 970 Nos
1038 939 1185 978 indignos
1209 939 1340 977 speciali

994 986 1062 1017 Iam
1088 990 1248 1024 exemptos
1274 985 1400 1017 saeculo

955 1032 1012 1063 Vel
1035 1032 1188 1063 iustorum
1213 1032 1353 1071 generali

999 1078 1067 1109 Fac
1090 1079 1206 1110 ascribi
1231 1079 1334 1111 titulo.

285 1156 367 1183 Brev.
397 1162 449 1180 ms.
474 1154 667 1180 Monasticum
698 1160 772 1179 saec.
803 1151 846 1179 15.
889 1152 958 1179 Cod.
993 1151 1196 1179 Carolsruhau.
1221 1152 1291 1180 Geo.
1322 1151 1367 1179 51.
1397 1167 1434 1171 —-
1464 1152 1505 1179 In

215 1192 240 1220 1.
265 1194 365 1221 Noct.
391 1190 415 1219 A
445 1189 470 1223 6,
491 1188 508 1217 3
532 1190 648 1217 Sobilis.
673 1204 710 1208 —
739 1187 759 1215 R
780 1187 806 1224 2,
828 1187 843 1216 1
867 1189 1028 1217 cunabulis.
1049 1203 1085 1207 —
1105 1190 1147 1216 111
1167 1188 1192 1216 2.
1215 1190 1314 1217 Noct.
1336 1188 1358 1215 Α
1382 1188 1406 1223 1,
1428 1188 1445 1217 6
1466 1190 1508 1216 sit

213 1231 360 1266 propheta.
385 1243 423 1247 —
446 1227 468 1254 Α
488 1226 514 1260 3,
539 1226 554 1254 1
575 1228 776 1254 innocentiam.
800 1241 837 1245 —
862 1225 884 1253 Α
905 1225 931 1261 3,
952 1226 971 1254 4
990 1226 1027 1253 ad
1046 1227 1198 1263 Aegyptia.
1218 1243 1253 1247 —
1277 1226 1299 1253 Α
1319 1226 1346 1262 4,
1366 1226 1387 1254 4
1405 1228 1507 1255 Rati-0.

213 1282 250 1286 —
277 1267 298 1294 Α
320 1265 345 1296 5.
365 1264 385 1293 4
403 1266 467 1292 Hec
485 1265 606 1292 futurae.
632 1278 669 1282 —
697 1263 717 1290 R
739 1262 764 1297 1,
787 1262 802 1291 1
822 1265 886 1292 Hos
907 1265 1047 1292 caelestis.
1070 1279 1103 1283 -
1127 1264 1146 1290 R
1169 1263 1193 1297 1,
1214 1263 1231 1291 5
1252 1265 1334 1291 Artis
1355 1267 1446 1301 niger.
1469 1278 1507 1283 —

213 1303 236 1330 R
256 1303 282 1339 4,
303 1301 320 1331 ‘3
342 1303 496 1330 consulem.
516 1316 552 1320 -
572 1302 613 1329 111
632 1299 658 1328 3.
678 1302 777 1329 Noct.
800 1301 846 1328 Ad
866 1301 947 1328 Cant.
968 1300 999 1334 Α,
1020 1300 1040 1328 4
1058 1302 1112 1329 lies
1133 1303 1224 1329 duce?

660 1391 707 1421 84.
741 1391 785 1421 De
805 1392 914 1423 sancta
936 1392 1056 1424 Ursula.

353 1461 397 1491 In
425 1461 455 1492 1.
483 1459 696 1498 Vesperis.

433 1532 623 1566 Antiphonae.

236 1593 267 1624 1.
294 1590 318 1622 O
346 1589 463 1621 Christi
487 1589 597 1628 pietas,

294 1636 380 1674 Quae
403 1635 539 1674 virgines
564 1643 669 1665 sacras

295 1685 419 1720 Armat,
446 1689 503 1719 pro
529 1683 560 1711 te
584 1681 652 1719 pati

342 1728 464 1767 possint
486 1729 522 1758 ut,
545 1727 660 1758 milites
685 1728 807 1760 armati.

241 1788 271 1818 2.
299 1784 323 1816 Ο
350 1783 468 1816 Christi
492 1783 656 1822 sapientia,

297 1831 335 1864 In
360 1830 477 1861 sanctis
500 1830 651 1868 patientia

298 1877 393 1915 Mira,
419 1876 556 1915 virgines
583 1884 674 1907 carae

346 1927 518 1962 sequuntur
540 1927 574 1953 te
599 1923 739 1955 caritate.

242 1983 274 2014 3.
300 1980 324 2012 Ο
351 1978 468 2011 Christi
493 1978 625 2015 bonitas,

299 2026 436 2057 Tuorum
459 2025 540 2056 mira
563 2026 713 2064 suavitaS,

300 2072 444 2112 Virgines
468 2072 603 2103 inermes

347 2119 441 2150 duras
466 2119 628 2157 patiuntur
652 2118 792 2158 sagittas.

240 2178 273 2209 4.
294 2176 326 2215 ,Ο
354 2174 469 2206 Christi
494 2184 591 2214 amor,
618 2175 754 2215 virgines

301 2222 452 2255 Claritate
476 2222 637 2263 amabiles,

302 2269 364 2300 Pro
389 2271 421 2299 te
444 2269 607 2307 patiuntur

349 2318 583 2354 persecutorum
610 2324 682 2346 ense
704 2315 847 2354 plectun-

675 2367 736 2395 tur.

905 1466 935 1498 5.
963 1463 987 1495 O
1013 1462 1130 1495 Christi
1157 1471 1277 1493 merces

964 1509 1187 1549 virginumque
1211 1512 1336 1541 tuarum
1360 1518 1444 1551 spes,

963 1555 1085 1588 Corona
1108 1559 1249 1598 paratur,

1012 1603 1085 1633 dum
1110 1611 1216 1633 omnes
1241 1603 1499 1642 martyrizantur.

897 1659 934 1692 R.
966 1658 990 1691 O
1018 1658 1135 1690 Christi
1161 1659 1306 1690 miranda

965 1705 1052 1737 Mira
1075 1706 1239 1742 miracula,

965 1751 1067 1784 Divae
1090 1752 1227 1792 virgines
1252 1753 1432 1792 iunguntur,

967 1799 1029 1831 Pro
1054 1802 1094 1841 te,
1123 1799 1259 1841 Christe,
1285 1800 1460 1840 patiuntur,

968 1846 1050 1878 Fide
1073 1847 1222 1885 sociatae,

1019 1892 1168 1924 Coloniae
1191 1894 1428 1933 martyrizatae,

900 1940 938 1972 V.
969 1939 1020 1971 Ab
1047 1939 1137 1970 huius
1161 1949 1308 1979 possessa

1019 1986 1203 2017 daemonum
1220 1987 1343 2018 cultura
1357 1995 1522 2027 perpessa.

1088 2069 1134 2095 Ad
1152 2069 1332 2105 Magnificat-

902 2128 943 2160 A.
974 2124 999 2157 Ο
1018 2135 1116 2165 quam
1131 2126 1274 2166 gloriosa
1292 2129 1345 2167 est,
1370 2128 1523 2169 Domine,

973 2173 1106 2204 societas
1145 2173 1182 2204 in
1217 2183 1314 2214 rayno
1353 2174 1525 2218 caelorum,

977 2220 1054 2251 dum
1088 2220 1251 2259 epulantes
1283 2222 1425 2262 qaudam
1454 2232 1527 2255 con-

974 2267 1065 2298 vivae
1088 2267 1158 2299 sine
1174 2265 1271 2311 [sing]
1287 2269 1325 2300 in
1339 2278 1453 2302 ‘mensa
1470 2272 1529 2303 tua

978 2322 1074 2353 super
1105 2315 1278 2358 frumento,
1308 2317 1383 2348 vino
1410 2319 1440 2349 et
1465 2317 1531 2350 oleo

977 2370 1034 2392 nec
1056 2361 1145 2393 ultra
1168 2363 1316 2396 esurient.
