1655 2534
711 140 965 175 -118—

354 235 400 269 In
423 235 652 268 Laudibus.

408 310 599 346 Antiphonae.

211 367 241 399 1.
267 366 309 398 Hi
335 368 445 405 sancti,
471 377 601 407 quorum
625 367 719 399 hodie

315 413 520 446 Celebrantur
542 413 714 452 sollemnia,

265 460 333 491 Iam
358 461 498 493 revelata
522 459 604 493 facie

313 507 429 546 Regem
455 509 584 538 cernunt
606 506 639 538 in
663 506 772 546 gloria.

212 563 240 592 2.
268 561 313 594 Ut
335 563 391 593 hos
417 571 489 602 ergo
513 571 573 601 per
594 566 743 602 patronos

266 610 477 648 Assequamur
501 609 579 640 caeli
604 609 741 644 thronos,

311 654 348 686 In
370 655 493 686 illorum
517 655 568 687 die
592 653 682 692 festo,

312 701 431 734 Chorus
455 704 571 740 noster,
597 701 699 732 laetus
724 703 800 732 esto.

206 757 236 788 3.
263 755 328 787 Nos
352 756 392 788 ad
417 759 593 788 sanctorum
616 757 746 797 gloriam

263 802 339 833 Post
362 805 557 841 praesentem
574 803 733 835 miseriam

305 848 367 880 Per
389 850 527 888 ipsorum
552 849 699 889 suffragia

310 895 424 927 Christi
447 896 601 935 perducat
624 897 735 936 gratia.

203 952 234 981 4.
259 950 420 982 Excusent
443 952 526 991 apud
552 952 717 983 Dominum

261 996 395 1028 Reorum
419 998 526 1037 lapsus
550 999 717 1036 hominum,

305 1042 438 1075 Remota
461 1045 513 1083 qui
539 1044 671 1085 ealigine

306 1090 427 1122 Lumen
451 1091 559 1122 vident
581 1091 614 1122 in
637 1092 764 1126 lumine,

203 1146 234 1175 5.
255 1143 320 1175 Hos
342 1149 490 1185 patronos
514 1147 635 1185 pariter

306 1190 396 1223 Laeti
426 1200 617 1233 veneremur⁷

258 1235 303 1268 Ut
324 1246 392 1269 cum
417 1238 465 1271 his
488 1240 669 1278 perenniter

305 1285 341 1315 In
369 1284 461 1316 caelis
487 1285 687 1317 collaetemur

1051 233 1097 262 Ad
1115 234 1298 263 Benedictus.

866 315 906 345 A.
936 311 1110 353 Tn'umpho
1137 312 1275 353 gaudent
1300 310 1386 349 regio

981 359 1100 392 Amicti
1123 360 1205 392 stola
1227 358 1347 399 gloriae

935 406 1131 439 Transcenso
1155 406 1266 438 mortis
1289 404 1395 436 stadio

980 454 1089 487 Patroi
1113 453 1203 493 regni
1227 452 1368 489 Sueciae,

934 501 1059 533 Summo
1084 499 1232 532 fruuntur
1255 498 1406 538 praemio,

980 547 1085 579 Vitam
1115 546 1234 578 ducunt
1255 546 1291 577 in
1314 544 1433 585 requie,

932 593 1058 625 Labore
1081 601 1173 625 verso
1197 593 1328 633 praevio

977 641 1016 672 In
1039 640 1170 680 gloriam
1196 639 1357 672 victoriae.

999 780 1045 812 In
1072 781 1103 813 2.
1130 779 1346 819 Vesperis.

1042 882 1088 909 Ad
1109 882 1288 917 Magnificat.

857 960 898 991 A.
926 959 985 1000 Qui
1007 969 1062 992 vos
1087 962 1194 999 patres
1219 962 1412 991 venerantur

977 1007 1215 1047 Amplectentes
1238 1006 1350 1038 intime

930 1054 972 1085 Et
996 1054 1049 1093 qui
1074 1056 1201 1085 vestrae
1224 1053 1422 1093 gratulantur

975 1100 1066 1132 Dono
1090 1100 1192 1140 partis
1217 1101 1364 1141 optimae,

927 1147 990 1178 Per
1014 1156 1069 1179 vos
1095 1148 1190 1178 vitam
1214 1148 1446 1186 consequantur

972 1193 1070 1226 Lucis
1095 1193 1343 1233 amoenissimae,

927 1240 964 1272 In
990 1249 1051 1280 qua
1072 1248 1196 1280 semper
1221 1240 1396 1280 gloriantur

973 1287 1142 1319 Beatorum
1173 1287 1306 1319 animae.

262 1346 344 1375 Brev.
372 1349 532 1383 Upsalcnre
555 1350 624 1386 imp.
651 1351 788 1378 Holmiae
815 1348 896 1379 1496.
920 1366 957 1370 —
981 1353 1017 1380 In
1044 1350 1069 1379 1.
1088 1352 1227 1387 Vesperis
1247 1352 1385 1388 hymnus:
1411 1353 1478 1379 Lux

188 1391 253 1411 ecce
282 1386 375 1420 surgit
401 1393 490 1413 aurea
514 1385 689 1423 (Klernming
714 1388 737 1421 Ι,
765 1386 842 1423 167);
872 1389 903 1416 in
931 1389 1038 1417 Laud.:
1069 1389 1133 1416 Iam
1163 1389 1246 1416 adest
1270 1390 1332 1416 dies
1353 1389 1476 1417 celebris

187 1420 256 1447 ibid.
279 1419 350 1456 175).

579 1513 628 1544 43.
655 1513 689 1545 In
711 1514 915 1548 conversione
935 1525 958 1547 s.
977 1517 1078 1548 Pauli.

320 1581 367 1611 In
395 1581 424 1611 1.
451 1582 660 1621 vesperis.

371 1662 417 1688 Ad
434 1662 610 1698 Magnificat-

185 1717 224 1747 A.
254 1716 279 1748 O
302 1717 471 1757 gloriosum
495 1719 599 1753 lumen

301 1765 435 1795 omnium
461 1766 683 1807 ecclesiarium,

256 1809 282 1841 O
307 1818 379 1842 vere
404 1812 607 1850 apostolicum

302 1857 389 1888 sidus
414 1857 607 1902 altissimum,

255 1902 368 1934 Sancte
392 1904 497 1947 Paule,

254 1949 312 1988 Qui
336 1952 455 1982 aeterni
479 1953 554 1984 solis

255 1995 461 2034 Splendorem
484 2000 622 2032 tenebris

302 2042 448 2075 Gentium
471 2044 629 2086 infudisti,

255 2088 313 2127 Qui
336 2090 369 2122 in
394 2093 480 2122 terra
504 2094 626 2132 positus

305 2135 468 2169 Caelorum
491 2144 613 2172 secreta
636 2142 754 2184 petisti,

253 2181 305 2223 Et,
332 2192 410 2222 quae
433 2193 495 2217 non
519 2187 617 2219 licent
636 2188 753 2221 homini

299 2229 409 2270 Loqui,
434 2234 629 2277 praevidisti,

252 2275 333 2307 Illuc
356 2278 514 2316 supplices
536 2283 607 2313 tuos

253 2322 329 2354 Post
352 2322 442 2355 huius
469 2328 572 2359 carnis
595 2330 762 2361 terminum

298 2370 475 2404 Perducere
500 2375 638 2415 dignare,

926 1586 1008 1625 Quos
1034 1586 1139 1619 fecisti
1165 1587 1308 1619 veritatis

971 1633 1093 1665 Lumen
1118 1642 1298 1674 agnoscere.

990 1746 1050 1777 Ad
1074 1746 1337 1781 Matutinum.

1056 1820 1268 1849 Invitatorium.

924 1874 1060 1917 surgite,
1087 1881 1246 1910 cantemus

971 1925 1003 1953 et
1027 1924 1123 1956 corde
1145 1925 1199 1964 pio
1225 1926 1400 1968 vigilemus,

925 1968 1002 2000 Cum
1025 1970 1124 2002 Paulo
1149 1980 1261 2011 magno

969 2015 1055 2055 iungi
1080 2026 1256 2050 mereamur
1281 2022 1316 2050 ut
1338 2029 1428 2059 agno.

985 2108 1030 2140 In
1055 2110 1086 2141 1.
1112 2110 1168 2142 No
1180 2113 1342 2147 cturno,

1064 2183 1259 2220 Antiphonae.

866 2238 897 2271 1.
925 2238 1002 2271 Cum
1027 2245 1110 2273 esset
1138 2241 1251 2275 Paulus
1276 2245 1439 2288 parvulus,

923 2284 1089 2326 Cogitabat
1110 2291 1147 2319 ut
1172 2292 1334 2331 parvulus,

922 2332 1048 2373 Peregit
1071 2335 1216 2377 puerilia,

923 2380 995 2414 Non
1021 2389 1120 2422 opera
1143 2385 1257 2421 virilia.
