1655 2534
733 157 988 193 *150—

247 282 255 289 .
286 255 345 294 Qui
368 255 499 295 spiritus
528 255 644 287 auxilio

332 302 541 334 Exclamant:
569 311 587 333 ο
612 300 684 332 Iesu
708 299 798 337 bone,

380 349 446 381 Fac
468 358 523 381 nos
551 352 652 380 tecum
676 346 798 379 laetari.

345 489 389 521 In
414 490 444 522 3.
470 489 698 521 Nocturno.

432 562 624 598 Antiphonae.

254 645 262 652 .
288 619 401 659 Virgis,
428 619 529 658 plagis
556 619 651 650 corde
674 618 757 648 laeto

335 665 481 697 Gaudent
504 666 537 696 in
562 664 693 703 collegio

290 712 479 751 Martyrum,
505 712 571 743 sale
596 713 628 742 et
652 712 739 741 aceto

331 758 420 789 Passi
443 758 530 789 iussu
554 758 651 797 regio.

255 839 261 846 .
288 813 393 852 Spinis
416 813 493 844 diris
520 811 716 852 configuntur

333 860 490 899 Sanguine
515 859 669 891 cruentati

286 908 335 938 Ac
359 914 416 945 per
439 908 563 937 noctem
580 905 834 944 constringuntur

333 952 469 984 Trucide
492 952 633 986 lacerati.

254 1034 261 1040 .
285 1009 419 1041 Precatu
444 1016 549 1039 eorum
574 1007 684 1048 libera,

335 1054 458 1086 Christe
481 1062 635 1093 passeque
658 1054 754 1095 Deus,

289 1101 434 1133 Statuens
459 1110 516 1132 nos
540 1101 573 1132 in
600 1101 739 1140 dextera,

336 1147 471 1178 Plaudat
493 1147 589 1178 miser
614 1150 646 1178 et
667 1156 750 1180 reus,

424 1221 627 1255 Responsoria.

256 1303 262 1310 .
290 1277 396 1309 Saevit
420 1285 493 1308 ense
516 1280 607 1308 acuto
630 1286 718 1308 mens
742 1276 812 1309 fera

289 1324 358 1356 Ictu
383 1322 504 1355 fallitur
527 1326 595 1355 tuto
620 1332 733 1363 aspera

290 1369 382 1402 Furit
404 1371 454 1401 ira
477 1372 634 1409 tamquam
659 1370 769 1412 bestia,

286 1416 422 1449 Moritur
456 1424 547 1447 arens
571 1425 649 1455 prae
672 1417 832 1456 molestia3

250 1487 256 1493 .
290 1462 421 1501 Triplici
444 1461 545 1494 fracto
569 1463 674 1502 gladio

290 1509 484 1540 Damnantur
507 1509 685 1542 homicidio.

256 1590 264 1597 .
289 1563 456 1596 Beatorum
481 1565 630 1603 sanguine

335 1610 404 1641 Rex
429 1610 572 1642 Christus
595 1619 652 1642 nos
676 1614 790 1650 purget

291 1656 322 1688 A
345 1656 426 1687 labis
453 1656 633 1687 discrimine

336 1701 444 1733 Nobili
468 1703 580 1742 lotura,

290 1747 463 1780 Benedicat
486 1752 518 1780 et
541 1748 638 1781 faciat

334 1794 430 1825 Vitali
451 1803 606 1835 mensura,

290 1840 375 1873 Rore
397 1843 433 1872 ut
456 1842 561 1880 proles
585 1842 753 1882 germinet3

254 1913 261 1920 .
290 1887 361 1927 Igni
385 1891 565 1928 supponunt
589 1889 702 1928 capita,

291 1934 476 1966 Panduntur
501 1935 618 1967 Christi
641 1935 760 1975 abdita,

289 1980 371 2013 Dum
397 1981 527 2020 capillus
551 1980 644 2012 floret
667 1980 745 2014 flore

290 2027 427 2060 Ardenti
450 2026 573 2059 flamma
598 2028 680 2068 igne.

376 2168 420 2199 In
443 2167 672 2200 Laudibus.

430 2241 622 2277 Antiphonae.

257 2323 264 2331 .
292 2297 446 2330 Beraldus
471 2298 571 2330 fretus
596 2298 699 2339 gratia

291 2343 467 2384 Mortisque
490 2348 579 2385 optat
603 2347 706 2386 spatia

336 2390 494 2423 Divinitus
517 2393 674 2433 inductus,

960 251 1023 283 Pro
1048 250 1172 283 Christo
1196 249 1280 280 mala
1304 248 1426 286 tollere,

961 298 1059 338 Quem
1081 297 1181 329 Deum
1206 296 1299 328 docet
1323 295 1436 337 colere,

1009 345 1068 384 Qui
1093 344 1223 385 virginis
1249 345 1297 374 est
1320 341 1452 374 fructus.

927 443 934 452 .
959 420 1073 452 Petrus
1097 429 1131 452 se
1155 419 1254 459 cingit
1275 418 1398 458 robore,

962 467 1072 499 Crucis
1094 467 1213 500 Christi
1235 466 1269 498 in
1293 466 1408 497 arbore

1007 514 1116 553 Ipsum
1142 515 1269 546 Petrum
1293 515 1438 555 testatur,

959 560 1071 591 Fidem
1096 563 1236 591 sanctam
1261 559 1442 601 nobilitans,

962 606 1113 638 Errorem
1138 615 1266 646 gravem
1293 606 1460 644 dissipans,

1009 653 1055 686 Ob
1081 654 1164 692 quod
1189 653 1291 684 tristis
1316 652 1471 684 tristatur.

928 754 935 762 .
962 728 1100 760 Adiutus
1123 728 1194 759 luce
1217 728 1381 766 lustratuS,

959 775 990 806 A
1015 773 1123 806 fallaci
1145 776 1358 814 sequestratus

1008 822 1070 854 Ore
1096 821 1339 861 obloquentium,

960 869 999 900 In
1024 871 1125 899 stratu
1149 869 1236 899 tristi
1260 868 1442 907 meditatur,

961 915 1045 947 Dum
1069 915 1196 946 tribulis
1220 915 1380 946 laceratur

1009 961 1157 1000 Vulpium
1179 961 1400 993 mordentium.

925 1060 932 1067 .
958 1036 1129 1067 Accursius
1155 1035 1329 1076 adpropiat

961 1082 1093 1122 Seraph,
1118 1083 1264 1123 angelum
1290 1082 1396 1121 copiat

1006 1129 1057 1160 Ac
1082 1129 1239 1161 Christum
1265 1137 1334 1160 esse
1357 1136 1475 1168 regem,

959 1175 1030 1207 Hoc
1055 1176 1257 1207 administrat
1280 1176 1411 1215 singulis

961 1222 1067 1254 Plenis
1094 1231 1201 1254 errore
1216 1222 1343 1262 populis

1004 1268 1127 1300 Horum
1153 1270 1313 1301 dissecans
1338 1270 1448 1309 legem.

926 1368 935 1376 .
962 1343 1034 1375 Otto
1060 1342 1215 1374 facundus
1239 1344 1360 1375 monuit

956 1390 1154 1430 viperasque
1177 1391 1298 1421 censuit

1008 1436 1086 1467 Diro
1111 1437 1184 1476 igne
1210 1437 1406 1476 cremandos,

962 1482 1005 1513 Ni
1022 1483 1154 1515 laudent
1171 1483 1332 1515 Christum
1343 1484 1510 1515 Dominum

961 1528 1006 1559 Et
1030 1532 1202 1561 creatorem
1226 1530 1386 1561 hominum

1010 1577 1195 1607 Vincentem
1218 1577 1416 1611 iudicandos

1079 1669 1124 1695 Ad
1141 1668 1324 1696 Benedictus.

924 1767 931 1774 .
963 1743 988 1775 Ο
1012 1746 1168 1784 martyres
1193 1744 1387 1786 praefulgidi

963 1789 1036 1822 Sole
1059 1791 1176 1823 lucenti
1201 1793 1350 1832 praediti,

964 1837 1069 1877 Plagis
1094 1838 1214 1870 addicti
1239 1840 1365 1872 acribus

962 1883 1011 1915 Ac
1035 1887 1180 1925 consputi
1203 1885 1332 1918 flatibus

1009 1931 1166 1963 Malorum
1193 1942 1323 1973 operum
1349 1935 1432 1975 odio,

964 1976 1142 2009 Crudeliter
1165 1981 1330 2017 cruentati,

962 2023 1104 2056 Horrido
1130 2026 1195 2057 eius
1222 2028 1404 2066 conspectui

963 2070 1056 2101 More
1080 2070 1198 2103 Christi
1221 2076 1426 2117 praesentati,

963 2115 1045 2148 Fide
1069 2123 1250 2151 constanter
1276 2122 1398 2161 pugiles

1012 2163 1105 2195 Forti
1129 2167 1290 2206 praesidio

965 2209 1071 2241 Induti
1098 2212 1164 2244 alta
1188 2213 1314 2257 virtute,

966 2256 1166 2290 Oblectantes
1194 2261 1365 2304 despectui,

967 2303 1029 2335 Pro
1054 2308 1163 2339 nostra
1186 2316 1312 2346 passum
1338 2310 1440 2342 salute

966 2350 1018 2381 Ad
1044 2351 1147 2384 Iesum
1173 2363 1268 2393 prece
1293 2356 1405 2397 vigiles

1012 2397 1087 2429 Sitis
1111 2400 1262 2434 subsidio.
