1655 2534
679 138 723 143 -
773 109 842 151 283
892 138 934 143 -

233 207 260 237 9.
281 210 484 243 Ambrosii,
503 211 632 246 episcopi
642 211 879 247 mediolanensis,
896 210 931 239 κ’
943 209 971 239 4.
982 211 1092 246 Aprilis
1106 208 1167 247 [fol.
1182 209 1217 238 57
1224 210 1265 247 b].
1296 212 1331 239 In
1344 212 1460 241 keinem

156 247 207 275 der
227 247 395 275 bekannten
415 246 540 276 Officien
558 247 656 276 finden
673 250 736 277 sich
756 250 804 277 <lie
823 249 1022 278 Bruehstficke
1041 257 1161 276 unsel-er
1180 249 1252 276 Hs.:

342 313 408 341 Inv.
430 312 535 340 Cuncti
554 314 704 349 laetemur,
727 314 874 343 Christum
893 323 989 351 regem
1008 322 1187 347 veneremur,

428 351 485 384 Qui
505 351 586 379 dedit
602 352 756 380 Ambrosio
777 361 868 388 regna
887 360 1014 388 superna
1033 354 1090 388 pio.

158 411 193 438 A.
214 411 387 448 Magnificat
406 411 531 439 ecelesia
837 415 872 441 A.
893 414 917 441 O
937 413 1055 448 praesul
1075 412 1265 445 admirabilis,

212 449 346 478 Tewota
363 458 415 485 per
433 448 540 483 fidelia,
932 452 1042 478 Doctor
1060 451 1202 483 veritatis,

254 485 370 515 Christe
389 488 458 514 Iesu
479 488 615 520 salvator,
894 489 971 516 Vere
992 488 1194 515 desiderabilis

213 528 270 552 Fer
292 534 378 561 quem
398 525 484 552 nobis
504 526 677 552 Ambrosius
934 525 1012 553 Odor
1031 527 1197 559 suavitatis,

213 560 356 590 Veritatis
377 564 510 599 egregius
895 564 989 591 Nobis
1010 565 1050 590 sis
1071 563 1196 590 affabilis

252 600 308 629 Est
327 601 412 628 datus
433 601 624 635 praedicator,
933 601 1017 628 Motu
1038 602 1177 633 caritatis,

217 639 362 667 obscuras
383 639 434 673 qui
454 639 661 674 prophetarum
896 639 1032 666 Ambrosi
1053 638 1197 671 amabilis,

217 676 309 704 Nobis
329 684 418 703 voces
438 675 507 704 fecit
527 676 638 703 clarum
933 676 974 703 Et
992 676 1028 703 <la
1050 677 1191 703 claritatis

251 714 365 742 Lumen
384 721 456 740 voce
476 714 580 741 sedula
895 714 1036 749 Regnum,
1057 722 1096 741 ne
1114 722 1168 740 nos
1188 713 1337 741 instabilis

214 752 312 779 Huius
332 759 418 787 prece
438 750 494 778 duc
513 753 545 778 in
565 751 661 778 caelos
936 750 1062 778 Mundus
1082 752 1222 778 vanitatis

214 790 284 824 Nos,
305 790 395 823 Deus,
415 791 450 815 ut
467 789 523 815 tibi
545 789 636 815 melos
898 788 1057 816 Abstrahat
1076 797 1094 816 a
1113 788 1229 824 pabulis

253 826 409 854 Solvamus
429 832 483 861 per
504 826 630 853 saecula.
934 827 1029 854 Verae
1048 827 1175 854 deitatis.

156 890 212 917 Am
232 888 335 915 Raude
355 888 395 913 ist
413 887 525 914 sodann
547 886 623 914 ohne
642 887 751 914 niihere
769 887 956 922 Bezeichung
974 887 1204 923 nachgetragen:

530 948 601 980 Ave,
622 947 767 981 Ambrosi‚
789 947 889 975 doctor
909 948 1033 982 egregie,

525 985 644 1013 Clarum
662 986 761 1012 lumen
781 985 934 1012 militantis
956 984 1103 1019 ecclesiae,

525 1023 622 1057 Digne
642 1022 776 1051 sacerdos
797 1024 827 1049 et
845 1023 983 1059 pontifex,

525 1061 588 1088 Deo
608 1060 727 1096 placens
748 1061 890 1087 bonorum
912 1060 1017 1095 opifex,

523 1098 595 1126 Tuis
615 1106 693 1125 nune
712 1098 807 1133 dignis
826 1099 939 1125 meritis

526 1135 614 1163 Solve
633 1144 687 1163 nos
707 1144 786 1163 nexu
805 1137 935 1163 criminis

526 1173 567 1200 Et
585 1176 654 1208 post
673 1182 789 1200 cursum
808 1173 895 1200 huius
915 1174 996 1200 vitae

526 1211 690 1247 Parfieipes
711 1211 802 1237 facias

527 1248 728 1283 Sempiternae
746 1250 833 1275 vitae.

159 1312 289 1339 Hierauf
310 1311 408 1346 folgen
432 1311 508 1339 noch
534 1312 598 1337 vier
619 1310 764 1346 Strophen
793 1319 829 1337 ex
853 1311 970 1346 hymno.
1008 1310 1066 1338 Die
1092 1312 1168 1337 erste
1194 1309 1317 1345 beginnt
1335 1311 1389 1338 mit
1408 1311 1464 1338 den

159 1351 298 1377 Worten:
319 1349 500 1382 Ambrosius,
522 1349 567 1375 vir
587 1347 690 1375 fidelis.

258 1384 293 1414 2ο
321 1386 348 1414 7.
377 1387 447 1414 Dec.
480 1384 540 1422 [fol.
571 1383 674 1422 220a].
706 1384 724 1411 Α
755 1385 779 1413 Ο
809 1384 862 1413 flos
888 1386 960 1413 cleri
986 1385 1174 1421 principalis,
1205 1386 1381 1421 iibertragen
1404 1396 1464 1414 von

160 1425 324 1460 Augustin3
343 1424 403 1460 vgl.
423 1425 509 1452 Anal.
530 1424 566 1457 V,
587 1423 616 1450 S.
640 1422 701 1453 137.

163 1539 169 1545 1
189 1540 202 1565 t
239 1498 283 1566 Εἰ.
297 1500 451 1566 Ἀιὲοτίε
475 1499 665 1533 confessoris,
695 1497 722 1526 8.
743 1499 806 1527 Oct.
829 1497 866 1526 1ο
890 1496 952 1535 [fol.
979 1496 1061 1536 62aJ.
1100 1499 1163 1527 Nur
1183 1498 1234 1526 das
1257 1499 1463 1527 Invitatorium

160 1546 187 1565 is
220 1546 267 1565 me
281 1547 338 1566 nsc
367 1548 375 1565 :

433 1603 559 1633 Sanctus
580 1603 670 1631 Amor
692 1611 780 1630 sensu
799 1603 889 1631 verbo
913 1602 1057 1638 factisque
1076 1603 1187 1637 beaw,

434 1641 545 1670 Usibus
566 1641 615 1668 hic
633 1642 711 1678 frug-i
729 1641 857 1677 propriis
878 1644 908 1668 et
926 1640 1026 1676 largus
1046 1641 1156 1677 egenis.

159 1706 198 1735 20
216 1708 296 1736 Zwei
314 1706 432 1736 weitere
452 1707 621 1745 prosaische
640 1706 688 1735 ΑΑ
708 1704 770 1743 [fol.
791 1704 875 1743 87b].
895 1722 934 1727 —
953 1704 990 1734 30
1011 1705 1072 1743 [fol.
1092 1704 1148 1735 201
1169 1703 1214 1742 a]:

161 1775 197 1803 R.
217 1774 337 1802 Adiuva
355 1782 418 1808 nOS,
439 1776 522 1809 pater
541 1776 649 1808 sancte,
848 1773 883 1800 A.
904 1773 929 1801 O
948 1773 1046 1807 Amor,
1065 1774 1232 1802 venerande
1252 1774 1408 1809 confessor,

223 1813 266 1841 Te
285 1820 430 1849 rogamus,
450 1813 542 1841 Amor
559 1812 618 1847 pie,
906 1811 1049 1839 Caelestis
1061 1813 1177 1847 patriae
1190 1812 1345 1848 adoptivus
1355 1821 1469 1848 posses-

217 1851 260 1879 Et
279 1854 313 1879 tu
333 1859 446 1887 semper
466 1851 605 1878 miserere
1311 1859 1368 1884 sor,

219 1889 375 1918 Orantium
396 1890 458 1917 ‘toto
479 1888 574 1916 corde.
904 1886 1013 1914 Contra
1031 1888 1177 1924 malignos
1197 1888 1317 1924 spiritus

160 1928 197 1957 V.
216 1928 319 1958 Funde
343 1935 444 1964 preces
464 1927 591 1954 Domino
620 1934 673 1961 pro
693 1925 788 1959 nobis,
902 1924 950 1952 Sis
969 1925 1054 1953 nobis
1075 1926 1217 1960 defensor,

220 1965 306 1994 Alme
324 1966 422 2000 Amor,
443 1965 475 1993 in
494 1964 620 1993 saecula.
903 1963 944 1990 Et
963 1971 1015 1998 pro
1037 1964 1162 1998 delictis,
1183 1972 1367 1999 quaesumus,

901 2001 988 2037 Apud
1007 2002 1105 2029 Doum
1122 2002 1191 2037 pius
1210 2004 1393 2031 intercessor.

243 2079 287 2110 11.
307 2081 447 2114 Annae,
474 2081 578 2108 mairie
597 2080 630 2107 B.
650 2080 691 2107 M.
711 2079 757 2113 V„
780 2078 856 2107 ohne
874 2079 992 2112 Datum,
1016 2075 1077 2114 [fol.
1098 2074 1200 2113 235a].
1241 2079 1319 2107 Zwei
1341 2076 1389 2106 ΑΑ
1408 2079 1469 2107 und.

166 2121 214 2148 ein
235 2117 257 2146 Β
278 2128 331 2148 aus
352 2119 417 2147 dem
437 2118 573 2148 Officium
591 2118 677 2146 Anal.
697 2117 805 2151 XXVI,
825 2117 877 2145 Nr.
899 2114 943 2144 19.

239 2194 282 2224 12.
303 2197 329 2224 Α
338 2196 459 2230 niani,
481 2196 611 2232 episcopi
624 2195 855 2229 Aurelianensis,
878 2192 923 2221 17.
935 2193 1012 2221 Nov.
1026 2196 1056 2221 et
1069 2191 1113 2220 14.
1126 2193 1196 2220 Jnn.
1209 2190 1273 2230 [fol.
1287 2191 1324 2221 62
1331 2190 1372 2230 b].
1403 2195 1469 2223 Inv.

167 2232 191 2261 A
215 2234 253 2262 ad
271 2234 390 2268 Bened„
411 2232 434 2260 Α
456 2234 492 2262 ad
512 2234 611 2270 Mag-n.
632 2232 658 2261 2.
677 2234 767 2268 Vesp.
792 2240 845 2260 aus
866 2232 931 2259 dem
952 2230 1086 2259 Officium
1105 2231 1190 2259 Anal.
1209 2232 1292 2260 xm.
1312 2232 1363 2260 Nr.
1386 2231 1430 2261 10.

241 2309 287 2339 13.
306 2311 384 2338 Ann
392 2311 486 2347 onis,
508 2310 636 2346 archiep.
651 2310 801 2343 Colonien,
815 2308 842 2337 4.
856 2309 994 2337 Decemb.
1009 2305 1069 2345 [fol.
1081 2305 1164 2344 521³}
1196 2309 1275 2336 1no.:
1287 2309 1324 2336 In
1337 2310 1469 2337 Annom's

166 2357 265 2378 annua
292 2350 489 2377 veneratione.
528 2349 627 2382 Iuvit„
655 2347 670 2376 1
698 2347 730 2382 Α,
756 2346 774 2374 2
798 2345 844 2374 ΗΒ
869 2357 898 2375 u.
925 2348 990 2374 eine
1015 2355 1093 2383 pros.
1119 2344 1142 2373 Α
1168 2354 1222 2375 aus
1246 2347 1311 2375 dem
1338 2347 1470 2375 Reimoff.

164 2387 250 2416 Anal.
270 2388 354 2421 xm,
374 2388 425 2415 Νι.
448 2385 492 2415 11.
531 2387 589 2417 Am
609 2386 747 2414 Sohlusse
765 2387 857 2414 noch:
