1655 2534
649 108 692 114 -——
744 87 812 123 227
865 109 904 116 -

188 180 391 214 Ministraret
416 186 660 223 sacramentum,

188 227 280 260 Vidit
303 229 423 268 gloriae
448 231 655 271 conventum3

150 298 156 305 .
188 275 292 314 Super
315 276 416 307 virum
442 277 591 308 dexterae

236 321 378 354 Dextera
404 324 569 355 descendit

189 368 235 400 Et.
259 369 415 400 sacrantis
439 369 541 401 libere

238 415 389 447 Meritum
415 417 562 450 ostendit.

256 530 303 561 In
324 531 355 563 3.
381 529 612 563 Nocturno.

336 613 381 640 Ad
401 614 531 640 Cantica.

152 704 160 713 .
188 682 269 718 Ave,
295 678 440 721 pontifex
464 679 610 720 benigne,

192 728 238 760 Ut
259 731 293 758 te
317 727 362 759 tui
387 727 519 758 laudent
545 727 648 766 digne,

191 774 268 811 Fac,
294 777 331 805 ut
354 782 480 812 semper
503 774 683 805 exaltentur

192 821 300 860 Teque
326 820 418 852 dulce
443 819 628 860 glorientur.

327 904 533 938 Responsoria.

157 997 164 1004 .
190 971 347 1012 Superum
373 969 552 1009 frequentia

238 1018 373 1050 Sanctus
398 1017 451 1048 hic
474 1016 611 1056 stipatus

190 1065 324 1098 Fruitur
346 1064 480 1095 scientia

238 1111 430 1151 Sempiterni
455 1113 566 1149 status,

193 1159 357 1198 Conspicit
380 1157 540 1197 magnalia

238 1205 340 1237 Divae
364 1204 538 1236 maiestatis

190 1254 234 1285 Et
261 1251 369 1283 futura
391 1250 516 1291 proelia

241 1299 490 1332 Christianitatis
502 1308 509 1335 ;

151 1372 160 1379 .
190 1347 244 1381 Sic
267 1346 418 1378 Iohannis
444 1345 534 1376 oculo

240 1394 367 1427 Caelica
390 1392 572 1432 perpendit,

190 1443 294 1475 Isaiae
317 1440 410 1472 titulo

238 1488 407 1521 Dominum
432 1486 580 1518 intendit.

158 1570 165 1578 .
191 1545 319 1579 Ardens
345 1545 428 1576 intus
455 1542 587 1575 caritate

239 1588 399 1635 [Praesul]
425 1589 617 1622 venerabilis

189 1640 284 1673 Foris
309 1640 394 1670 lucet
418 1639 547 1678 pietate,

239 1686 344 1726 Signis
369 1684 568 1717 admirabilis

191 1734 316 1767 Morbis
342 1733 485 1765 omnibus
510 1732 655 1763 medetur

190 1782 236 1814 Et
260 1780 421 1821 oppressis
446 1779 630 1816 miseretur;

152 1854 160 1862 .
190 1828 341 1861 Manibus
365 1826 516 1867 angelicis

240 1875 388 1909 Flumina
413 1873 571 1915 transivit,

188 1923 313 1956 Hostiis
337 1921 480 1962 pacificis

239 1973 370 2004 Portum
394 1968 570 2009 inquisivit.

156 2055 164 2062 .
192 2028 289 2070 Gigas
313 2027 375 2059 iste
398 2026 525 2066 nobilis,

239 2075 336 2116 Gigas
361 2083 436 2106 vere
461 2073 564 2113 fortis,

188 2124 328 2157 Currens
351 2122 406 2155 via
429 2121 546 2162 pugilis

237 2169 409 2210 virginalis
432 2169 538 2207 sortis,

192 2218 365 2257 Insignitas
391 2219 437 2248 est
463 2220 594 2256 tropaeo

191 2266 290 2297 Totus
316 2264 481 2297 ambulans
507 2272 577 2297 cum
606 2262 688 2300 Deo,

150 2341 157 2349 ,
187 2314 264 2346 Plus
292 2312 431 2344 cucurrit
454 2312 485 2343 in
515 2319 616 2351 agone

236 2360 347 2393 Motus
373 2360 476 2391 carnis
502 2361 677 2399 conterens,

874 185 973 224 Quam
998 184 1119 216 athleta
1143 193 1200 224 spe
1225 193 1359 219 coronae

920 231 1017 263 Necis
1041 231 1137 262 ictum
1163 231 1325 266 sufferens

838 312 845 319 .
873 288 955 318 Vere
979 287 1103 319 felicem
1127 288 1315 328 praesulem,

873 334 955 365 Vere
979 334 1054 366 fidei
1082 335 1252 372 doctorem,

874 381 939 419 Quo
963 383 1097 420 parante
1122 380 1246 413 Christo
1272 390 1363 413 sacra

870 427 994 459 Dextra
1019 436 1087 458 cum
1112 429 1182 468 ipso
1207 437 1345 466 superna

872 474 925 505 Ad
950 474 1108 506 firmanda
1130 474 1234 513 plebis
1261 476 1358 507 corda

873 520 971 553 Sacra
997 522 1192 561 consignavit
1210 524 1338 564 sancta;

801 567 839 601 V.
867 567 901 599 A
924 567 1069 600 Domino
1103 568 1225 608 factum
1259 571 1304 600 est
1335 569 1426 600 istud

872 618 901 646 et
950 618 994 647 est
1039 614 1189 646 mirabile
1235 614 1274 646 in
1320 615 1421 648 oeulis

870 662 999 693 nostris.

965 801 1011 832 In
1037 801 1265 832 Laudibus

1016 883 1209 918 Antiphonae.

837 964 844 971 .
872 939 975 979 Salve,
1001 939 1059 971 fios
1084 940 1235 982 angelice,

917 986 1061 1018 Christus
1086 994 1177 1025 quem
1203 987 1369 1027 plantavit,

868 1032 936 1070 Vir,
962 1033 995 1064 in
1020 1041 1080 1071 quo
1103 1032 1269 1072 magnifice

917 1079 1069 1110 Dominus
1094 1080 1246 1119 regnavit.

839 1162 845 1168 .
870 1136 955 1167 Dum
979 1135 1111 1167 sudares
1134 1135 1168 1166 in
1192 1135 1316 1175 lectica,

869 1182 1015 1214 Prudens
1040 1182 1108 1221 apis
1133 1184 1168 1212 ut
1193 1181 1334 1219 formica,

872 1229 961 1260 Sacri
986 1229 1046 1260 olei
1072 1229 1189 1260 virtute

874 1277 964 1307 Vires
989 1275 1048 1307 tibi
1070 1279 1144 1306 sunt
1163 1279 1309 1308 statutae.

837 1357 843 1363 .
870 1332 1037 1363 Helisaeus
1064 1334 1096 1362 et
1120 1331 1231 1363 Helias

872 1378 1038 1418 Spiritales
1065 1378 1124 1409 tibi
1150 1387 1219 1409 was

870 1426 1110 1465 Praepararunt
1132 1424 1164 1456 in
1189 1423 1315 1456 fluentis

870 1473 1027 1512 Mitigatis
1054 1472 1227 1505 elementis.

837 1556 844 1563 .
870 1531 964 1568 Actu,
990 1528 1131 1560 moribus
1156 1530 1188 1558 et
1213 1529 1289 1566 vita,

870 1576 976 1609 Comis
1001 1575 1118 1610 Christi
1144 1576 1296 1614 parasita,

870 1623 937 1655 Fac
961 1632 1017 1655 nos
1042 1630 1167 1663 semper
1192 1622 1340 1654 benedici

872 1671 987 1702 Versus
1015 1670 1103 1703 dolos
1128 1669 1260 1702 inimici.

837 1752 844 1760 .
872 1730 971 1768 ane
995 1726 1223 1767 spiramentum
1251 1725 1362 1757 laudet

868 1776 985 1815 Regem
1006 1774 1094 1813 caeli,
1118 1781 1176 1813 per
1194 1781 1284 1812 quem
1302 1771 1421 1812 gaudet

870 1823 969 1855 Liber
993 1821 1125 1862 spiritus
1148 1820 1180 1851 in
1208 1820 1303 1851 caelis

872 1869 992 1903 Christi
1015 1868 1124 1900 famuli
1150 1866 1268 1899 fidelis.

989 1954 1033 1981 Ad
1055 1951 1238 1980 Benedictus.

835 2050 842 2057 .
873 2023 986 2056 Clarus
1009 2021 1180 2053 mixtarum

922 2069 1055 2109 caligine
1081 2069 1130 2098 vir
1155 2065 1359 2097 tenebrarum

872 2118 957 2149 Dum
982 2115 1078 2148 micat
1104 2118 1260 2145 astrorum

920 2173 982 2196 non
1008 2164 1113 2201 impar
1137 2160 1255 2192 lumine
1276 2167 1411 2198 morum,

875 2211 1022 2245 Pascitur
1046 2216 1180 2240 aurorae

923 2256 1073 2290 stillantis
1098 2255 1214 2296 gaudia
1238 2262 1321 2290 rore,

875 2307 985 2339 Donec
1008 2306 1041 2336 in
1068 2308 1209 2335 extremo

924 2353 1057 2385 satietur
1081 2352 1150 2383 sole
1174 2357 1334 2390 supremo.

1203 2405 1262 2434 15*
