1655 2534
310 228 428 260 Vivunt
453 227 517 259 vita
541 226 705 265 concupita

405 274 441 306 In
466 277 636 305 aeternum.

425 356 469 384 Ad
488 356 669 383 Benedictus.

241 413 281 445 A.
311 413 474 445 Hodierna
497 413 618 443 laetitia

355 459 493 491 Mundus
518 460 705 498 illustratur,

309 507 376 545 Qua
400 506 542 537 caelestis
569 506 655 536 curia

355 553 456 584 Valde
479 552 676 588 iucundatur‚

311 598 506 638 Virginitatis
531 598 600 629 lilia

358 645 495 683 Sponsus
521 644 726 686 amplexatur,

310 691 497 729 Nuptiarum
524 690 665 721 convivia

311 737 456 770 Celebrat
479 745 561 767 nunc
587 736 730 774 ecclesia,

351 783 518 814 Thalamus
543 783 675 821 locatur,

310 829 447 868 Sponsus
474 829 604 860 decorus
629 829 738 871 gloria,

313 876 451 916 Sponsus
478 876 606 906 daturus
631 875 772 915 praemia

358 922 487 961 Sponsis
511 922 658 954 sociatur.

422 1042 499 1073 Per
522 1042 666 1073 Horas.

447 1115 493 1141 Ad
512 1115 646 1142 Primam.

238 1170 277 1200 A.
312 1171 483 1210 Increpans
510 1173 617 1202 ventos
641 1173 673 1201 et
696 1179 791 1209 mare,

358 1217 416 1255 Qui
441 1217 595 1256 gubernat
619 1217 731 1256 omnia,

311 1262 382 1294 Non
411 1263 535 1294 desistit
558 1263 733 1302 gubernare

360 1310 489 1341 Sanotas
513 1310 596 1340 inter
620 1310 729 1343 maria.

448 1391 492 1418 Ad
511 1392 648 1418 Tertiam.

241 1447 281 1479 A.
315 1448 375 1479 Per
398 1448 553 1486 passionis
578 1448 717 1486 gladium

312 1495 413 1525 Vocat
439 1493 580 1525 Christus
605 1494 646 1525 ad
671 1494 813 1525 bravium

359 1540 487 1571 Electas
511 1540 700 1579 bellatrices,

850 132 921 166 234
968 151 1012 155 —

983 226 1064 265 Quas
1089 234 1178 256 suum
1204 234 1261 265 per
1286 225 1437 257 auxilium

1029 272 1121 305 Fecit
1145 280 1214 303 esse
1240 272 1395 304 victrices.

1126 383 1171 410 Ad
1191 383 1319 411 Sextam.

910 460 951 492 A.
983 459 1059 491 Pius
1085 463 1191 490 coetus
1217 463 1249 490 et
1273 459 1396 498 quietus

1027 506 1192 545 Virginum

980 553 1109 585 Romam
1136 553 1249 591 tendit,
1276 561 1335 591 quo
1361 551 1511 590 rependit

1027 598 1169 630 Laudem
1194 598 1257 630 luci
1281 598 1443 630 luminum.

1127 709 1174 736 Ad
1193 709 1316 737 Nonam.

909 787 949 817 A.
979 786 1041 818 Per
1065 788 1198 816 mortem
1224 786 1334 817 duram

983 832 1086 863 Vitam
1111 840 1252 863 securam

981 879 1151 910 Possident
1172 887 1296 918 semper
1321 886 1516 911 mansuram.

1047 1037 1092 1068 In
1118 1038 1147 1068 2.
1174 1037 1393 1076 Vesperis.

1098 1137 1143 1164 Ad
1163 1138 1341 1174 Magnificat.

910 1216 951 1248 A.
984 1214 1132 1245 Exsultet
1156 1214 1312 1254 virginum
1338 1214 1461 1254 chorus,

1026 1262 1214 1299 Assumptus
1237 1261 1268 1292 in
1294 1262 1405 1301 gloria,

981 1307 1099 1347 Quibus
1125 1311 1173 1338 est
1198 1308 1301 1339 vultus
1328 1308 1471 1348 decorus,

1028 1354 1115 1385 Luce
1139 1353 1310 1392 splendens
1335 1354 1441 1394 nimia,

981 1401 1266 1440 Immaculatusque
1289 1401 1410 1442 thorus,

1031 1447 1168 1485 Speciali
1195 1448 1298 1487 gratia

985 1493 1108 1525 Christo
1131 1494 1256 1526 iunctus
1281 1495 1313 1525 in
1338 1494 1444 1533 patria

1079 1541 1115 1571 In
1139 1542 1309 1572 aeternum.

316 1632 401 1658 Brev.
428 1640 480 1657 ms.
509 1631 677 1659 cistercien.
705 1632 799 1659 Italic.
826 1640 899 1659 saec.
930 1629 973 1658 15.
1013 1631 1081 1658 Cod.
1108 1631 1248 1659 Oxonien.
1267 1632 1392 1660 Miscell.
1416 1633 1530 1669 Liturg.

241 1664 306 1695 343.
327 1683 362 1686 —
383 1668 423 1695 In
444 1667 469 1694 1.
490 1669 591 1695 Noct.
612 1668 631 1693 Α
653 1667 679 1701 2,
694 1666 711 1694 3
730 1669 765 1696 In
783 1670 863 1696 fehlt.
884 1684 919 1688 —
939 1669 979 1696 In
998 1669 1107 1696 Laud.
1127 1669 1172 1696 Ad
1193 1670 1299 1697 Bened.
1320 1670 1348 1705 Α,
1362 1669 1379 1697 7
1394 1671 1533 1697 convivia

267 1704 319 1732 hlt.
341 1720 375 1724 —
396 1706 472 1732 Ibid.
491 1703 509 1732 8
530 1706 656 1733 celebrat
674 1705 753 1733 fehlt.
772 1721 811 1725 —
830 1707 874 1733 Ad
894 1706 1010 1734 Sextam
1031 1706 1049 1732 Α
1070 1704 1087 1732 2
1106 1707 1257 1741 virginem.

687 1851 732 1882 86.
762 1853 804 1883 De
825 1853 934 1883 sancta
952 1852 1073 1884 Ursula.

379 1949 423 1979 ln
452 1949 481 1981 1.
507 1948 719 1987 Vesperis.

428 2049 473 2075 Ad
492 2048 669 2084 Magnificat.

238 2124 279 2156 A.
311 2124 393 2163 Iesu,
421 2133 535 2155 corona
559 2124 725 2165 virginum,

312 2171 370 2210 Qui
396 2171 499 2209 pascis
524 2171 606 2202 inter
630 2171 707 2212 lilia,

314 2218 449 2256 Saeptus
474 2217 596 2248 choreis
621 2218 778 2257 agminum

312 2263 497 2295 Canentium
523 2264 660 2307 subtilia,

311 2310 492 2350 Virgineum
517 2311 690 2350 tripudium

312 2356 379 2387 Nos
403 2360 457 2388 tua
482 2365 550 2388 cum
575 2357 697 2390 familia

983 1950 1034 1982 Da
1059 1959 1189 1981 cernere
1213 1957 1286 1991 post
1311 1952 1478 1984 terminum

986 1996 1102 2028 Cursus
1128 2000 1160 2028 et
1185 1998 1263 2030 haec
1286 1998 1415 2031 flebilia.

1047 2090 1108 2121 Ad
1129 2090 1313 2123 Matutin
1325 2101 1394 2124 um.

1116 2163 1330 2192 Invitatorium.

983 2221 1021 2252 In
1046 2229 1121 2260 rege
1144 2230 1220 2254 suae
1243 2223 1363 2263 gloriae

984 2267 1058 2299 Sion
1085 2268 1243 2301 exsultent
1266 2269 1362 2310 filiae,

983 2314 1043 2352 Qui
1066 2314 1198 2348 iubilum
1223 2317 1364 2350 laetitiae

985 2360 1079 2392 Caelo
1099 2362 1220 2394 invexit
1243 2364 1347 2397 hodie.
