1655 2534
731 130 892 166 —210
943 146 984 152 -

285 234 372 268 Huic
396 241 428 264 es
454 234 485 264 et
508 229 641 263 victoria

334 282 396 313 Per
419 287 549 319 agonem
572 276 694 308 mortis.

422 351 626 388 Responsoria.

256 439 263 446 .
289 412 376 444 Sicut
401 410 486 442 dumi
510 407 745 440 frondescentes

286 459 402 490 Rosam
426 458 565 496 gignunt,
591 454 637 485 sic
660 454 807 493 parentes

291 504 375 537 Clari
401 503 519 534 clarum
546 508 680 541 genuere

286 550 495 588 Theodorum,
522 548 676 579 illustrem
701 552 791 585 vere3

245 622 253 630 .
283 596 391 630 Infans
417 596 518 635 gratia
541 594 730 633 praeventus

286 644 361 677 Plus
379 650 471 681 quam
489 642 591 672 clarus
609 643 658 671 est
673 639 828 671 inventus,

253 726 260 733 .
286 700 351 731 Iste
375 705 453 737 puer
478 696 662 727 adulescens

285 745 411 777 Morum
436 743 600 776 venustate
626 750 769 774 crescens

287 790 470 831 Augebatur
494 789 695 820 incrementis

290 837 412 871 Sanctis
437 836 567 876 singulis
591 835 766 878 momentis,

250 910 257 918 .
286 883 457 917 Iuvenilem
480 891 551 915 nam
577 884 711 914 aetatem

289 930 397 963 Vertit
418 929 451 961 in
475 928 695 960 maturitatem.

258 1013 265 1020 .
289 986 374 1018 Hine
398 986 514 1017 virtute
537 983 703 1016 roboratus

289 1033 388 1065 Recto
413 1040 521 1071 gressu
545 1031 625 1062 recti
649 1033 749 1062 status

291 1079 365 1111 Tiro
391 1077 483 1109 fortis
507 1078 634 1117 placens
659 1077 726 1109 Deo

291 1125 476 1157 Ambulavit
500 1133 605 1157 coram
631 1133 683 1165 eo,

255 1200 261 1206 .
290 1172 343 1204 Sic
366 1169 525 1211 perfectus
550 1171 596 1201 sic
618 1169 762 1210 perfecta

291 1219 446 1258 Operatur
470 1220 564 1257 atque
587 1220 682 1248 recta.

344 1340 390 1372 In
416 1340 446 1373 2.
472 1339 697 1371 Nocturna

428 1412 620 1448 Antiphonae.

256 1496 263 1503 .
290 1470 367 1502 Cum
391 1469 562 1509 invocaret,
588 1469 690 1501 visere

335 1516 421 1547 Deus
445 1516 528 1547 hunc
554 1516 710 1556 dignatur,

290 1562 511 1601 Angustiatum
535 1562 649 1594 misere

338 1609 400 1641 Cor
425 1609 614 1648 erigebatur.

259 1689 267 1697 .
292 1663 397 1695 Verba
421 1663 521 1702 huiUS,
547 1663 689 1703 Domine,

337 1710 434 1741 Mane
457 1710 616 1752 audiebas,

289 1757 386 1795 Quem
409 1756 442 1788 in
466 1759 519 1788 tuo
543 1758 669 1789 nomine

336 1804 435 1835 Orare
458 1802 602 1835 sciebas?

261 1885 266 1891 .
293 1860 436 1899 Domine,
461 1858 625 1900 magnifice

333 1906 475 1938 Laudem
499 1905 669 1947 perfecisti,

288 1954 388 1985 Istum
412 1955 478 1985 tam
501 1951 633 1985 mirifice

333 2000 416 2032 Dum
441 2000 639 2034 coronavisti.

422 2074 625 2110 Responsoria-

254 2156 260 2162 .
288 2131 420 2163 Demum
443 2132 511 2164 Deo
536 2133 738 2171 permittente

287 2179 472 2218 Paganismo
497 2179 656 2211 saeviente

288 2225 406 2258 Brinca
429 2226 602 2258 vinculavit
625 2227 719 2258 istum

288 2271 434 2303 Sanctum
453 2272 649 2304 confitentem
661 2273 828 2315 Christum,

249 2345 256 2352 .
288 2318 334 2351 Ut
357 2319 403 2350 sic
426 2329 535 2352 aurum
560 2320 748 2359 probaretur

287 2365 330 2397 Et
354 2366 387 2396 in
411 2366 514 2407 ignem
535 2367 723 2400 mitteretur.

926 250 934 257 .
959 224 1101 256 Fervens
1125 220 1325 253 animositate

959 269 1063 302 Nacta
1087 267 1326 309 opportunitate

959 318 1156 358 Paganorum
1185 315 1277 347 deam
1300 320 1415 345 vanam

960 364 1087 396 Cremat
1110 362 1234 402 ignibus
1258 360 1405 399 Dianam,

920 437 927 444 .
959 411 1004 442 Et
1027 412 1099 443 dum
1123 411 1318 440 cremaretur
1343 406 1412 446 dea,

960 457 1125 498 Templum
1150 457 1254 487 uritur
1279 463 1349 485 cum
1373 462 1419 486 ea.

927 540 934 546 .
959 514 1068 552 Ipsum
1093 513 1168 543 hinc
1190 512 1431 549 incarceratum,

959 560 1069 599 Longa
1097 557 1183 590 fama
1206 559 1398 589 maceratum

958 606 1021 638 Per
1044 614 1079 637 se
1105 605 1248 637 Christus
1274 604 1415 636 visitavit

957 653 1063 692 Atque
1087 660 1169 691 pane
1194 652 1273 683 caeli
1297 650 1397 690 pavit,

918 726 925 732 .
957 700 994 731 In
1020 700 1172 731 absconso
1198 698 1298 738 fulget
1322 698 1428 729 lumen

959 745 1015 778 Sui
1037 747 1123 778 visus
1147 746 1181 777 in
1205 753 1346 778 acumen.

1016 859 1063 890 In
1089 860 1120 891 3.
1145 857 1375 889 Nocturno.

1100 931 1293 966 Antiphonae.

926 1014 933 1020 .
958 988 996 1020 In
1020 989 1154 1021 Domino
1180 988 1339 1021 confidere

1005 1036 1099 1067 Miles
1125 1036 1178 1067 hic
1202 1035 1333 1073 solebat,

960 1082 1021 1113 Per
1045 1091 1136 1122 quem
1163 1085 1194 1114 et
1219 1082 1370 1114 collidere

1005 1129 1121 1160 Hostes
1146 1128 1367 1168 praevalebat.

928 1211 935 1217 .
957 1184 1102 1225 Domine,
1128 1185 1182 1216 hic
1204 1185 1305 1217 voluit

1010 1232 1128 1263 Tecum
1151 1232 1306 1270 habitare,

959 1276 1041 1309 Nam
1067 1287 1121 1310 cor
1145 1288 1234 1311 suum
1259 1278 1371 1310 maluit

1006 1326 1037 1356 A
1063 1325 1135 1357 dolo
1161 1334 1299 1359 servare.

928 1404 934 1410 .
960 1379 1104 1421 Domine,
1131 1381 1303 1413 laetabitur

1006 1428 1069 1459 Hic
1092 1428 1126 1459 in
1152 1428 1269 1460 virtute
1294 1431 1359 1468 tua,

958 1473 1042 1505 Dum
1067 1483 1087 1505 a
1109 1477 1142 1505 te
1165 1475 1396 1514 praemiabitur

1005 1521 1100 1552 quta
1124 1524 1199 1553 vota
1222 1531 1286 1553 sua.

1099 1595 1305 1630 Responsoria.

927 1677 933 1682 .
960 1650 1037 1682 Post
1061 1660 1080 1682 a
1104 1651 1216 1684 vinclis
1241 1653 1396 1686 liberatur

959 1696 1004 1728 Et
1027 1707 1047 1729 a
1071 1698 1185 1730 Publio
1209 1702 1383 1739 temptatur

960 1743 1073 1776 Verbis
1098 1744 1225 1778 blandis
1251 1750 1345 1787 atque
1372 1749 1472 1790 duris,

958 1790 1048 1823 Nihil
1072 1794 1177 1824 tamen
1198 1793 1386 1836 profuturis,

919 1865 926 1871 .
956 1838 1056 1870 Amor
1079 1848 1215 1879 namque
1239 1844 1440 1874 aeternorum

959 1883 1050 1916 Sitim
1074 1887 1160 1918 tollit
1183 1891 1393 1923 terrenorum.

902 1948 909 1954 ·
926 1965 933 1972 .
959 1941 1081 1973 Videns
1104 1942 1203 1974 iudex
1227 1944 1312 1983 quod
1335 1952 1370 1975 se
1387 1948 1511 1985 sprevit

957 1987 1052 2019 Miles
1077 1988 1147 2031 Dei,
1174 1990 1221 2021 sic
1248 1990 1401 2032 desaevit,

958 2033 1075 2074 Legem
1098 2037 1209 2068 mortis
1235 2039 1270 2068 ut,
1293 2037 1327 2068 in
1353 2046 1424 2070 eum

957 2081 1074 2113 Ferret
1096 2084 1256 2123 tamquam
1272 2085 1383 2118 mortis
1400 2096 1509 2129 reum3

918 2151 924 2157 .
954 2127 1062 2166 Ipsum
1087 2137 1160 2168 ergo
1186 2134 1400 2165 concremavit

956 2173 1075 2217 Lictor,
1100 2176 1198 2208 iudex
1221 2180 1257 2209 ut
1282 2179 1426 2214 dictavit.

925 2255 932 2262 .
959 2228 1092 2262 Sanctus
1115 2232 1177 2263 iste
1202 2239 1421 2269 concrematus

953 2277 1031 2316 Igne
1054 2279 1171 2310 mansit
1193 2281 1346 2323 illibatus,

956 2323 1055 2356 Immo
1078 2326 1176 2358 vitam
1200 2332 1334 2369 propter
1358 2330 1473 2365 bonam

956 2370 1085 2404 Trinam
1108 2376 1226 2408 meruit
1250 2385 1419 2422 coronam,
