1655 2534
681 124 938 159 —285—

230 214 277 245 21.
297 217 447 247 Asellae
468 219 601 255 virginis,
622 217 648 247 6.
663 219 732 247 Deo.
747 218 815 257 [242
821 217 859 256 a].
893 220 950 247 Die
964 218 1119 253 folgenden
1129 218 1220 246 Verse
1235 218 1349 245 werden
1362 219 1393 245 in
1406 219 1457 246 der

155 255 350 283 Handschrift
369 256 413 285 als
433 257 548 292 Riqvnus
567 257 748 286 bezeichnet.

574 323 709 359 Virginis
728 324 850 352 Asellae
872 325 980 351 statum

575 360 602 387 A
621 363 651 388 te
672 361 781 389 dudum
801 361 1004 397 approbatum,

574 398 666 426 Immo
686 400 768 434 prius
787 400 819 426 in
839 407 871 426 se
889 401 991 425 natum

575 436 619 463 Ae
639 436 744 465 deinde
764 439 1001 469 consummatum,

575 475 657 502 Bone
673 474 765 509 Deus,
786 476 978 502 memorantes

576 512 618 539 Et
638 512 675 539 ob
696 520 761 539 eam
780 515 811 540 te
829 511 993 544 laudantes,

576 550 723 583 Quantum
742 557 905 585 possumus,
926 555 1085 584 precamur,

574 587 617 615 Ut
636 587 686 614 hie
704 588 748 615 ita
766 595 928 615 mereamur

576 625 693 659 Vivere,
715 625 793 661 quod
812 634 863 660 per
883 624 1003 651 eandem

577 662 668 690 Plene
686 664 717 689 te
735 663 864 690 fruamur
883 661 1008 689 tandem.

237 744 282 773 22.
302 746 458 775 Attalae
476 748 610 783 virginis,
634 745 660 775 3.
680 748 750 775 Dee.
772 745 833 783 [fol.
855 744 955 782 115b].
995 746 1058 774 Nur
1077 747 1143 773 eine
1162 744 1195 771 A:

413 813 528 848 Insigni
548 813 635 840 laude
653 813 757 849 gaude,
777 814 829 848 pia
846 813 952 846 contio,
974 811 1088 847 plaude,

412 850 509 883 Plebs,
531 850 647 877 Atta-lae
666 850 739 878 festo
759 850 884 877 iubilum
904 849 939 876 de
959 849 1044 876 corde
1062 850 1201 877 modesto.

408 887 489 914 Luce
509 888 563 914 sub
584 888 639 914 hac.
659 887 749 915 caelis
768 888 825 914 fuit
842 888 934 914 insita
951 887 1034 922 virgo
1054 887 1165 920 fidelis3

408 925 492 952 Haeo
510 924 589 951 favet
609 925 745 961 aegrotis,
766 933 854 952 sanos
874 925 954 951 fovet
973 925 1083 959 optima
1102 925 1189 951 notis.

234 1006 279 1036 23.
300 1008 371 1036 Ath
379 1010 527 1043 elberti,
553 1011 629 1045 regis
650 1009 776 1045 Angliae
796 1012 824 1037 et
843 1009 993 1044 martyris,
1021 1005 1066 1036 20.
1086 1009 1160 1036 Maii
1178 1005 1240 1044 [fol.
1260 1004 1341 1042 83a].
1381 1006 1459 1034 Zwei

160 1044 216 1080 ΑΑ,
238 1046 286 1074 die
306 1046 359 1073 auf
375 1048 423 1075 ein
443 1046 578 1075 Officium
597 1056 634 1074 zu
654 1047 760 1075 deuten
780 1047 931 1075 scheinen:

544 1113 579 1141 A.
600 1114 696 1149 Salve,
716 1117 827 1149 martyr
845 1113 1022 1146 Athelberte‚

633 1152 703 1180 Flos
724 1155 754 1180 et
772 1153 859 1179 decus
879 1151 1011 1187 Angliae,

594 1190 690 1218 Hoste
709 1192 800 1218 strato
821 1190 904 1217 detur
921 1198 975 1225 per
993 1191 1023 1216 te

632 1228 714 1255 Tuae
733 1236 791 1264 pax
811 1228 960 1260 eeclesiae,

595 1265 681 1301 Apud
701 1265 848 1293 Christum
867 1266 1038 1301 impetretur

635 1302 707 1331 Cum
728 1305 882 1340 augmento
902 1303 1023 1339 gratiae.

544 1369 578 1396 A.
599 1369 760 1397 Inelinatos
780 1372 849 1396 tuae
866 1369 958 1402 laudi,

595 1407 659 1435 Rex
679 1409 708 1434 et
726 1409 844 1442 martyr,
865 1415 919 1434 nos
940 1406 1053 1440 exaudi,

597 1445 661 1472 Tua
681 1454 767 1480 prece
787 1445 873 1480 placa
891 1445 986 1472 Deum

595 1482 637 1510 Et
656 1482 794 1510 offensum
817 1483 855 1510 da
874 1482 1020 1518 placatum

635 1519 747 1548 Summi
766 1522 843 1557 reg-is
863 1520 964 1547 filium.

234 1603 280 1632 24.
302 1604 530 1640 Athelberti,
551 1606 628 1641 regis
643 1604 763 1633 Cautiae
781 1607 811 1633 et
823 1604 1004 1638 confessoris,
1026 1602 1071 1633 24.
1087 1606 1170 1633 Febr.
1187 1602 1249 1641 [fol.
1266 1601 1303 1631 83
1311 1600 1350 1639 a].
1382 1602 1460 1630 Zwei

162 1640 210 1669 ΑΑ
235 1644 315 1670 eines
336 1643 544 1671 unbekannten
565 1642 723 1676 Officiums,
744 1644 792 1671 die
812 1645 888 1671 etsie
911 1642 1167 1679 augenseheinlich
1181 1644 1202 1669 Α
1225 1641 1262 1669 ad
1274 1639 1459 1676 Magnificat:

544 1710 579 1737 A.
599 1709 771 1745 Magnifioat
788 1710 938 1737 miraculis

634 1747 836 1776 Athelbertum
858 1748 1007 1783 divinitas,

596 1785 631 1812 111
652 1794 708 1821 quo
729 1789 899 1814 cunctorum
919 1786 1011 1813 oeulis

634 1824 732 1851 David.
751 1825 835 1852 fulsit
852 1824 1013 1857 humilitas,

636 1861 801 1890 Salomonis
822 1863 964 1890 serenitas

632 1899 673 1927 Et
690 1899 838 1929 Ezechiae
856 1901 975 1935 veritas,

597 1938 689 1972 Quem
708 1940 868 1975 gratiarum
889 1939 984 1966 titulis

597 1975 774 2005 Sollemnem
792 1977 863 2005 fecit
881 1977 998 2012 populis

636 2015 734 2043 Iosiae
752 2016 930 2051 benignitas.

546 2081 582 2109 A.
602 2083 665 2110 Rex
685 2081 872 2110 Athelbertus
893 2081 1007 2117 angelis

600 2120 779 2148 Coniunctus
797 2122 830 2147 in
851 2120 1026 2147 caelestibus

599 2158 674 2186 Suos
696 2157 830 2186 alumnos
851 2160 986 2194 protegat

596 2197 638 2224 Et
655 2197 761 2231 Anglis
780 2204 883 2232 paoem
904 2196 1022 2227 tribuat,

595 2235 639 2262 Ut
661 2234 776 2262 Christo
797 2242 910 2270 semper
931 2233 1062 2260 serviant

597 2272 638 2300 Et
657 2272 810 2300 serviendo
831 2271 987 2308 gaudeant.

234 2357 279 2386 25.
300 2358 491 2394 Auctoris,
507 2359 637 2396 episcopi
649 2359 842 2393 Trevirensis,
859 2355 904 2385 20.
916 2357 989 2392 Aug--
1003 2353 1065 2393 [fol.
1074 2355 1129 2385 221
1137 2355 1177 2394 b].
1204 2357 1261 2385 Die
1278 2358 1352 2385 zwei
1367 2361 1464 2386 ersten

161 2394 209 2425 ΑΔ
231 2396 291 2426 und
311 2396 364 2426 das
385 2395 407 2425 Β
427 2398 479 2426 der-
500 2397 525 2425 l.
546 2397 657 2432 Vesper
677 2404 730 2426 aus
754 2397 820 2425 dem
840 2395 975 2425 Officium
995 2396 1080 2424 Anal.
1101 2395 1193 2432 XIII.,
1215 2396 1266 2425 Nr.
1290 2394 1335 2424 16.
