1655 2534
620 48 876 84 —1-63—

102 143 136 175 4.
161 142 253 174 Haeo
278 144 366 175 casta
389 141 508 174 Christi
532 142 653 176 famula

161 190 297 222 Inventa
320 189 389 221 siue
409 190 535 222 macula

162 236 267 268 Deum
291 236 409 269 amavit
433 236 555 277 sedula,

162 283 240 315 Cum
276 292 336 324 quo
362 286 473 323 regnat
498 292 556 322 per
580 284 717 319 saecula.

106 341 138 373 5.
165 339 254 372 Stola
277 339 391 371 induta
414 339 535 380 gloriae

162 386 296 418 Scandit
320 384 522 426 Regenfledis
547 387 642 419 hodie

166 432 319 466 Caelestis
345 434 434 473 regni
459 433 572 465 solium

163 480 330 520 intratque
353 480 461 520 sponsi
486 480 669 513 thalamum.

286 563 332 591 Ad
351 564 529 600 Mag-nificat.

92 622 133 655 A.
162 619 365 661 Regenfledis
389 620 458 652 Deo
487 625 587 664 gratu,

164 667 214 699 Ex
239 668 340 708 regali
364 668 466 707 stirpe
490 671 575 707 nata,

164 712 378 746 Adflictorum
394 715 548 746 advocata

161 760 208 792 Et:
230 760 382 800 adiutrix,
408 761 453 791 sis
477 764 596 802 rogata,

165 807 212 841 Ut
238 806 381 839 defectus
407 810 437 838 et
461 812 594 846 peccata

161 854 226 886 Per
250 857 282 885 te
306 854 398 886 nobis
423 853 487 885 sint
511 853 626 887 ablata.

231 985 292 1017 Ad
316 984 581 1017 Matutinum.

298 1067 513 1095 Invitatorium.

164 1125 328 1157 Adoretur
352 1125 508 1166 virginum
531 1134 587 1157 rex

209 1172 247 1204 1n
273 1172 469 1203 saeculorum
496 1172 631 1211 saecula,

164 1219 288 1258 Virgini
313 1219 366 1259 qui
389 1218 574 1259 Regenfledi

210 1266 351 1298 Contulit
373 1266 531 1299 caelestia.

224 1389 270 1421 In
298 1390 327 1423 1.
354 1388 585 1420 Nocturno.

303 1471 499 1507 Antiphonae.

103 1532 133 1565 1.
158 1530 237 1563 Dies
265 1531 328 1562 iste
353 1529 540 1567 celebretur,

155 1579 194 1610 In
219 1587 279 1617 qua
306 1578 361 1618 pie
384 1579 570 1609 recensetur

156 1623 362 1665 Regenfiedis
388 1624 593 1663 sollemnitas,

160 1671 210 1705 Ut
231 1671 381 1703 laudetur
405 1671 544 1704 trinitas

102 1731 134 1762 2.
163 1729 187 1761 O
214 1737 306 1768 quam
332 1727 411 1760 felix
436 1731 468 1759 et
490 1728 666 1768 praeclara,

160 1775 261 1808 Nobis
287 1777 389 1815 grata,
415 1774 483 1807 Deo
510 1784 584 1807 cara

157 1823 218 1856 Est
243 1823 322 1854 haee
346 1823 401 1854 lux
425 1823 489 1855 diei

157 1868 196 1901 In
222 1870 348 1902 laudem
372 1878 508 1910 sponsae
532 1869 603 1904 Dei.

98 1928 129 1960 3.
156 1928 245 1969 ortu,
271 1926 346 1967 fide,
372 1927 551 1967 sanctitate,

157 1974 268 2015 Sensu,
293 1974 402 2014 verbo,
431 1974 585 2015 dignitate

159 2022 256 2063 Virgo
283 2022 370 2054 clara
395 2022 528 2062 exstitit,

159 2069 253 2102 Hosti
280 2077 406 2108 semper
430 2069 560 2102 restitit.

292 2154 500 2189 Responsoria.

101 2214 131 2247 1.
159 2212 362 2246 Gratulemur
391 2213 433 2246 ad
458 2210 617 2252 festivum,

155 2257 370 2293 Iucundemur
393 2261 436 2292 ad
463 2260 601 2292 votivum

200 2306 405 2347 Regenfledis
429 2308 587 2348 meritum,

848 144 902 176 Sic
924 147 1070 176 versetur
1092 145 1162 176 laus
1187 145 1221 176 in
1243 152 1307 184 ore,

846 190 896 223 Ne
920 190 1086 223 fraudetur
1112 199 1166 223 eor
1190 200 1316 234 sapore,

893 237 959 277 Quo
986 238 1130 278 degustet
1151 238 1321 280 gaudium3

777 284 813 318 V.
843 284 888 317 Et
910 289 955 324 tu,
981 285 1082 325 virgo,
1107 285 1170 327 pia,
1199 285 1292 322 bona,

845 332 1019 371 Exemplar
1042 341 1098 364 nos
1125 334 1156 363 et
1179 334 1317 373 patrona

895 378 1086 411 Commenda
1111 387 1171 419 per
1194 379 1334 410 saecula.

787 436 819 470 2.
845 435 896 467 Ex
920 435 1019 475 regali
1044 435 1145 474 stirpe
1168 437 1253 475 nata,

846 482 930 514 Fide
955 481 1071 514 Christi
1099 482 1291 521 desponsata

894 529 970 568 Ipso
995 528 1064 568 regi
1086 528 1216 568 gloriae,

845 576 959 608 Tutam
984 577 1068 607 viam
1092 576 1278 614 insectatur,

843 623 944 655 Inane
968 623 1089 654 saeculi
1112 622 1319 662 propulsatur

891 671 922 701 A
949 669 1058 701 diebus
1080 669 1245 709 infantiae,

774 715 812 749 V.
846 716 926 747 Nam
950 720 986 747 ut:
1011 724 1090 755 puer
1114 716 1263 756 adolevit,

844 762 921 794 Mox
947 763 1096 794 virtutum
1125 763 1216 794 donis
1243 762 1352 803 crevit,

845 808 956 841 Caelos
982 818 1089 840 amans
1113 810 1178 841 ima
1202 810 1334 849 sprevit.

787 866 819 898 3.
846 864 995 902 Quamvis
1018 867 1105 896 tecta
1129 865 1231 896 carnis
1258 865 1341 905 velo,

843 910 937 942 Mens
960 911 1084 942 intenta
1108 915 1213 942 tamen
1241 912 1338 954 caelo,

844 957 973 989 Ardens
998 960 1064 989 toto
1089 957 1150 988 Dei
1170 957 1239 989 zelo

843 1005 949 1036 Instat
970 1004 1130 1043 precibus,
1156 1004 1282 1036 ieiuniis

844 1051 1053 1093 Elemosynis‚
1082 1051 1216 1093 vigiliis3

774 1099 812 1132 V.
844 1097 934 1129 Haec
959 1098 1111 1129 talentum
1136 1098 1198 1129 sibi
1223 1098 1332 1129 datum

844 1144 914 1176 Deo
942 1144 1050 1176 reddit
1078 1145 1285 1186 duplicatum,

843 1191 894 1224 Ab
925 1195 1053 1224 aeterno
1078 1195 1304 1231 praeparatum

893 1238 962 1270 Sibi
984 1239 1110 1271 scandit,
1134 1239 1257 1270 solium.

904 1323 950 1355 In
977 1325 1007 1355 2.
1035 1323 1264 1355 Nocturno.

989 1397 1184 1432 Antiphonae.

787 1455 819 1487 1.
844 1454 895 1487 De
919 1454 1065 1494 supernis
1090 1454 1262 1496 illustrata,

846 1502 950 1535 Verbo
980 1502 1065 1533 vitae
1089 1502 1215 1540 satiata,

845 1549 954 1581 Crucis
981 1548 1101 1581 Christi
1124 1549 1199 1580 tulit
1224 1551 1313 1589 grata

891 1596 1010 1628 Libens
1036 1596 1226 1628 testimonia.

786 1654 817 1686 2.
841 1654 878 1686 In
904 1653 1015 1687 labore
1039 1653 1210 1692 multiplici

843 1700 960 1740 Sponsi
987 1700 1105 1733 Christi
1129 1699 1259 1732 Domini

845 1747 952 1779 Vitam
976 1756 1110 1787 sequens
1134 1747 1297 1779 humiliter

844 1795 980 1828 Carnem
1006 1793 1159 1835 adfligens
1184 1794 1311 1835 iugiter.

786 1853 816 1885 3.
842 1852 907 1884 Per
935 1852 1017 1884 diem
1042 1851 1149 1883 multis
1175 1851 1295 1883 vicibus

840 1898 951 1931 Flexis
977 1900 1091 1931 orabat
1115 1898 1246 1938 genibus

843 1945 913 1978 Nee
936 1947 1040 1979 minus
1064 1947 1166 1978 noctis
1189 1948 1333 1986 tempore

843 1993 924 2026 Toto
952 1996 1115 2034 prostrata
1141 2001 1283 2032 corpore.

974 2068 1184 2103 Responsoria.

785 2118 817 2150 1.
842 2117 933 2149 Haeo
955 2116 997 2147 ad
1021 2114 1124 2145 instar
1149 2113 1326 2147 Salomonis

844 2163 947 2196 Struit
970 2161 1132 2201 templum,
1160 2161 1241 2193 ditat
1270 2163 1371 2205 donis,

844 2210 945 2244 Ornat
969 2208 1098 2251 gemmis
1124 2212 1156 2240 et
1181 2210 1305 2242 coronis

891 2258 1008 2290 Cruoes
1034 2259 1066 2288 et
1090 2256 1205 2289 altaria

890 2305 1070 2337 Plaudente
1097 2307 1166 2336 tota
1189 2304 1304 2345 patria

1170 2358 1228 2388 11*
