1655 2534
712 101 945 135 -gg-

260 200 401 232 Placebit
425 200 472 231 sic
494 199 633 231 laudatio

305 248 373 279 Deo
398 246 543 279 reddenti
566 245 717 285 praemia.

205 306 238 336 2.
264 304 325 335 me
347 303 506 334 Pictorum
530 301 676 334 tenebras

306 349 409 390 Fugat
433 350 511 381 dans
538 349 619 380 vitae
643 347 770 386 monita,

261 397 375 428 Mundi
399 399 540 427 temnens
564 394 735 427 blanditias

310 444 382 475 Dux
410 443 511 482 plebis
535 443 576 474 ad
602 440 757 473 caelestia.

205 502 235 532 3.
266 500 338 531 Vita
360 498 533 538 praecessit
556 497 705 537 populum

309 545 362 577 Sic
386 545 552 577 sanctitate
575 544 714 584 praevia,

261 592 353 623 Nunc
376 591 480 623 haurit
505 591 588 621 vitae
611 589 757 628 poculum

306 639 379 669 Dux
405 647 473 669 cum
500 637 599 669 ductis
623 636 657 667 in
681 636 796 675 patria.

205 696 236 726 4.
261 694 362 725 Tanto
385 694 518 732 patrono
542 692 695 731 plaudere

311 741 385 771 Iure
410 738 515 778 debes,
540 738 686 778 Albania,

265 786 382 818 Secura
404 785 492 816 salva
515 784 635 823 sistere,

308 832 384 864 Cum
409 831 491 863 vitas
515 831 599 862 vitae
623 831 724 863 devia.

202 891 233 921 5.
259 888 311 919 Ad
334 889 436 919 caelos
460 887 597 928 migrans
623 886 718 918 hodie

305 933 471 965 Locandus
495 934 528 964 in
554 933 676 965 deliciis

258 980 310 1012 Ad
334 988 436 1011 mores
461 978 512 1011 fac
537 979 651 1011 cotidie

302 1026 443 1065 Migrare
466 1035 522 1058 nos
546 1035 565 1057 a
588 1026 683 1060 vitiis,

188 1082 228 1115 R..
259 1081 346 1120 Quod
374 1081 522 1113 sambuca

312 1137 360 1159 vir
384 1127 444 1159 Dei
470 1128 678 1167 circummeat,

258 1174 379 1205 Taurus
405 1176 507 1205 custos

304 1223 478 1251 armentum
500 1219 620 1259 vigilat,

258 1266 316 1304 Qui
340 1266 470 1297 latronis

304 1313 376 1344 dum
398 1315 537 1344 ventrem
563 1312 714 1353 perforat,

255 1357 418 1390 Infelicem

301 1406 385 1437 ultor
413 1406 584 1446 exanimat3

255 1451 330 1483 Mox
355 1452 489 1483 cadaver

304 1500 430 1529 sanctus
455 1496 602 1539 vivificat,

259 1543 386 1575 Saulum
410 1547 553 1576 sternens

305 1591 433 1622 Paulum
458 1592 633 1623 resuscitat.

187 1636 226 1667 V.
257 1636 383 1676 Insigne
411 1638 529 1677 geritur

305 1683 427 1723 signum
448 1685 635 1724 certaminis,

258 1728 319 1761 Pes
343 1738 418 1761 saxo
442 1730 580 1770 iungitur

303 1775 390 1807 bovis
415 1779 444 1808 et
469 1777 612 1809 hominis.

375 1858 421 1886 Ad
439 1858 615 1895 Magnificat.

184 1916 224 1946 A.
255 1915 359 1955 Stirps
383 1916 507 1956 regalis,

304 1971 384 2002 quae
407 1964 473 1995 vita
495 1963 611 2004 floruit,

257 2009 381 2041 Prolem
407 2009 530 2049 profert

301 2065 416 2097 regem,
441 2065 533 2096 quem
557 2058 672 2100 decuit,

256 2101 387 2135 Patrum
408 2106 500 2144 pater

301 2152 468 2189 patronum
490 2152 597 2191 genuit

255 2196 437 2237 Ninianu.m‚

300 2252 360 2282 quo
384 2245 518 2277 mundus
544 2246 676 2286 claruit3

256 2289 320 2322 Hic
344 2292 379 2321 ut
402 2291 488 2324 sidus

303 2336 400 2377 signis
425 2339 561 2382 emicuit,

925 195 1009 227 Dum
1033 193 1202 226 Bn‘tannos

978 240 1042 273 fide
1065 239 1240 280 perdocuit.

996 344 1056 376 Ad
1081 341 1261 375 Matutin
1273 348 1342 373 um.

1062 417 1277 444 Invitatorium.

934 475 1077 508 Christus
1097 474 1254 510 laudetur,

980 522 1116 553 Niniano
1133 521 1202 552 laus
1225 519 1385 551 iubiletur.

998 615 1041 646 In
1070 614 1100 646 1.
1127 613 1182 645 No
1192 616 1342 644 cturno.

1074 684 1264 722 Antiphonae.

877 747 910 779 1.
936 746 1092 778 Ninianus
1114 744 1232 775 teneris

977 791 1078 824 Annis
1104 791 1290 823 constitutus

931 839 1080 872 inhiabat
1102 838 1226 876 superis

979 884 1122 917 Moribus
1147 884 1296 916 imbutus.

874 943 904 975 2.
931 942 1063 973 Romam
1086 943 1197 980 petens
1224 938 1377 978 dogmatis

979 987 1081 1020 Causa
1104 985 1255 1024 visitavit,

932 1034 995 1066 Sed
1020 1035 1104 1066 vitae
1127 1041 1185 1073 pro
1210 1032 1330 1064 meritis

978 1081 1112 1113 Praesul
1136 1079 1298 1112 remeavit.

874 1125 905 1159 3.
933 1127 1051 1158 Factus
1075 1126 1128 1157 hic
1152 1125 1335 1158 Britonibus

978 1173 1072 1205 Fidei
1096 1174 1217 1213 legatus

932 1219 1076 1252 Perfidos
1101 1219 1256 1251 sollicitus

977 1266 1134 1306 Reprimit
1160 1268 1299 1297 conatus.

1065 1340 1272 1375 Responsoria.

874 1398 905 1431 1.
932 1397 1087 1429 Ninianus
1112 1396 1238 1436 nobilis,

932 1444 1044 1476 Clarae
1067 1453 1147 1483 puer
1170 1443 1298 1482 indolis,

978 1490 1084 1522 Sacris
1107 1489 1293 1526 inardescit,

931 1537 977 1569 Ut
999 1538 1046 1568 sic
1070 1536 1172 1575 prosit
1195 1536 1328 1579 patriae,

932 1583 973 1615 Se
995 1585 1181 1623 praesentat
1205 1583 1319 1623 curiae,

978 1631 1045 1669 Qua
1068 1630 1197 1669 praesul
1220 1630 1363 1671 recessit,

861 1675 899 1708 V.
927 1676 972 1708 Et
996 1677 1137 1708 coniectu
1162 1677 1293 1716 spiritus

931 1723 1009 1755 Eius
1034 1724 1147 1755 mentis
1171 1723 1298 1756 habitus

978 1771 1118 1803 Martino
1144 1770 1300 1802 clarescit.

873 1826 905 1858 2.
930 1826 1044 1858 Pastor
1071 1827 1165 1867 redit,

975 1872 1012 1904 fit
1034 1872 1164 1913 plausus
1189 1874 1303 1916 ovium,

931 1919 1025 1951 Plebs
1050 1919 1187 1961 oboedit,

978 1964 1059 2005 fugit
1087 1966 1294 2005 daemonium,

932 2012 1104 2044 Reseratur

977 2057 1056 2090 fides
1083 2058 1288 2096 credentium,

933 2105 1024 2138 Cedit
1046 2114 1144 2147 error,

916 2189 931 2199 .‚
979 2152 1094 2184 crescit
1118 2151 1324 2192 miraculum3

861 2200 899 2232 V.
930 2198 1015 2231 Gens
1034 2199 1166 2231 seducta

978 2249 1127 2287 suggestu
1152 2247 1338 2278 daemonum

932 2293 995 2325 Per
1017 2293 1101 2325 hunc
1124 2296 1266 2326 sanctum

981 2341 1085 2373 credit
1106 2340 1141 2372 in
1164 2340 1342 2373 Dominum.
