1655 2534
656 64 915 100 —177—

128 159 168 194 V.
200 158 289 192 Sicut
313 158 391 191 fumi
416 160 540 200 virgula

247 206 408 246 Fragrans
435 207 627 239 aromatibus

206 252 269 292 Sic,
296 253 410 293 quibus
435 261 547 292 parces
572 254 693 297 sedula,

250 300 299 332 Tu
323 300 449 332 redoles
474 300 632 340 precibus.

145 357 176 390 3.
204 356 302 396 Regis
326 356 359 387 in
388 356 517 389 cellario

203 402 346 442 Sponsae
370 403 527 435 desiderio

203 450 399 489 Propinatur
422 452 552 491 veritas,

204 496 379 529 Ordinatur
404 497 529 538 caritas,

204 543 256 575 Ibi
281 544 374 575 dulce
397 545 555 584 poculum,

203 589 320 630 Sponsi
344 590 441 622 sumit
464 590 604 623 osculum

165 662 172 670 .
202 637 322 668 Mentis
348 646 465 676 parans
489 638 661 676 vasculum,

205 684 242 716 In
269 692 329 723 qua
350 684 436 722 passi
462 684 582 723 colligit

207 729 358 762 Crucifixi
384 730 520 762 titulum.

267 870 313 902 In
341 871 372 902 2.
398 868 625 902 Nocturno.

346 942 542 978 Antiphonae.

172 1024 180 1033 .
204 999 273 1031 Rex
300 1000 419 1032 electae
443 1000 574 1040 virginis

254 1047 445 1086 Concupivit
468 1047 617 1088 speciem,

204 1093 302 1131 Quam
327 1096 421 1125 vocat
443 1094 483 1125 ad
510 1091 623 1124 faciem

253 1140 335 1172 Suae
358 1140 615 1179 pulchritudiuis.

173 1221 179 1228 .
208 1195 350 1235 Sponsae
374 1195 610 1228 tabernaculum

257 1242 338 1274 Sunt
363 1243 471 1274 dilecti
497 1243 637 1282 vulnera,

210 1289 277 1328 Quo
301 1297 427 1321 murrae
451 1288 636 1321 fasciculum

257 1335 359 1368 Locat
381 1337 466 1368 inter
490 1336 599 1369 ubera.

173 1418 180 1424 .
209 1392 306 1432 Virgo
332 1392 401 1423 sine
424 1392 549 1424 macula

253 1439 392 1471 Veniens
418 1449 436 1470 a
460 1439 583 1471 Libano

255 1486 321 1519 Sub
344 1487 459 1518 amoris
486 1486 609 1518 clibano

204 1532 378 1565 Fervescet
401 1534 434 1565 in
459 1533 594 1567 saecula.

372 1606 381 1615 .

341 1625 548 1659 Responsoria.

173 1719 180 1727 .
208 1692 306 1724 Soror
330 1690 461 1724 fratrem
486 1693 630 1725 visitavit

252 1740 356 1772 Extra
381 1739 480 1771 cellae
504 1742 637 1781 moenia,

205 1786 252 1819 Et
275 1789 409 1826 uterque
435 1787 600 1819 distillavit

254 1833 361 1865 Verba
384 1834 464 1865 lucis
492 1835 615 1878 dulcia3

205 1881 324 1914 Frater
348 1881 471 1921 quaerit
495 1882 630 1914 reditum

252 1929 397 1969 Vespera
420 1933 597 1969 praesente,

204 1975 296 2009 Haec
319 1980 412 2016 rogat
433 1985 492 2015 per
516 1977 663 2016 spiritum

251 2023 400 2057 Lacrima
427 2022 562 2067 fluente3

134 2070 174 2104 V.
203 2069 300 2105 Fletu
323 2074 417 2102 vocat
439 2071 582 2111 pluviam

254 2117 394 2150 Aethere
420 2119 570 2159 clarente,

207 2163 357 2197 Germani
382 2166 595 2205 praesentiam

255 2213 376 2252 Optans
400 2212 455 2253 pia
479 2217 594 2248 mente.

147 2269 178 2302 2.
204 2268 304 2309 Virgo
329 2267 406 2300 fletu
429 2270 570 2303 caritatis

251 2315 353 2348 Pedes
378 2318 465 2351 lavat
488 2318 627 2362 Domini,

188 2374 209 2397 D
216 2380 228 2397 r
234 2380 267 2396 ev
274 2380 303 2397 es
311 2392 317 2401 ,
332 2373 453 2398 Historia-o
466 2376 622 2404 rhythmicae.
651 2377 703 2401 VII.

878 161 990 193 Potum
1016 161 1150 200 praebet
1174 160 1344 200 voluptatis

925 208 1119 248 Angelorum
1144 207 1269 247 agmini,

879 255 924 287 Et
949 254 1092 286 effectum
1114 254 1265 286 bonitatis

929 301 1043 333 Preces
1070 300 1194 333 confert
1218 300 1356 343 homini3

810 348 849 381 V.
875 348 967 380 Haec
991 351 1039 380 est
1062 357 1142 388 aqua
1170 348 1274 380 calida,

930 396 967 427 In
994 396 1118 427 deserto
1144 395 1271 434 saeculi,

883 442 952 481 Qua
973 450 1062 474 mens
1085 443 1141 473 lux
1163 445 1199 472 ut
1219 441 1322 473 nitida

930 488 985 520 Fit
1008 488 1041 520 in
1065 489 1192 520 modum
1216 487 1348 527 speculi.

851 569 858 577 .
884 544 1008 584 Sponsa
1030 544 1153 584 quaerit
1178 544 1351 582 hinnulum,

884 591 1000 622 Datum
1025 591 1115 622 nobis
1138 591 1312 630 parvulum,

932 636 1060 669 Florem
1084 638 1167 669 inter
1191 637 1271 679 lilia,

887 684 1018 723 Quaerit
1040 684 1074 716 in
1099 684 1231 716 meridie

885 730 989 762 Solem
1012 730 1095 762 huuc
1110 731 1259 770 iustitiae,

932 776 1140 816 Splendidam
1161 778 1194 809 in
1219 778 1336 819 gloria3

846 850 852 856 .
883 824 972 857 Sicut
996 832 1106 855 cervus
1131 824 1241 855 sitiens

935 869 1072 901 Oursitat
1096 871 1139 902 ad
1162 869 1287 909 flumen,

886 917 939 949 Sic
963 925 1052 948 amor
1073 918 1240 956 impatiens

932 963 985 994 Aa
1012 962 1151 995 divinum
1175 971 1299 997 numen.

942 1095 988 1126 In
1015 1096 1043 1128 3.
1074 1094 1300 1127 Nocturno.

1027 1166 1222 1203 Antiphonae.

854 1250 861 1258 .
888 1225 990 1256 Terra
1012 1226 1105 1256 modo
1135 1225 1252 1256 sterilis

935 1272 1001 1303 Dat
1026 1272 1177 1303 virtutum
1203 1271 1354 1311 germina,

888 1318 998 1360 Lacte,
1023 1319 1118 1350 melle
1145 1317 1259 1349 fertilis

936 1364 1026 1397 Caeli
1050 1365 1136 1397 cibat
1157 1364 1292 1405 agmina.

854 1446 861 1454 .
887 1421 971 1462 Agni
996 1422 1219 1460 tympanistria

933 1468 1036 1499 Hoste
1058 1476 1162 1499 merso
1185 1467 1308 1507 iubilat,

933 1514 1087 1547 Precibus
1112 1515 1265 1556 invigilat,

887 1562 958 1594 Poli
982 1562 1107 1601 quaerit
1130 1562 1223 1595 atria.

853 1643 861 1651 .
887 1618 1027 1658 Virginis
1051 1616 1219 1659 flagrantia

934 1664 1075 1697 Mundus
1099 1663 1301 1704 reformatur,

888 1712 976 1746 Caeli
1001 1715 1114 1744 vernat
1139 1712 1236 1752 curia,

935 1759 1020 1791 Deus
1045 1759 1228 1793 honoratur.

1025 1833 1232 1869 Responsoria.

853 1916 860 1924 .
887 1891 1065 1923 Salomonis
1090 1890 1246 1923 ferculum

933 1938 1029 1970 Multi
1054 1937 1152 1970 fortes
1178 1939 1333 1979 ambiunt,

885 1986 968 2018 Dum
994 1994 1130 2026 sponsae
1155 1985 1333 2019 cubiculum

935 2032 1050 2073 Angeli
1077 2034 1298 2073 communiunt,

885 2080 945 2120 Qui
969 2089 1106 2119 sponsae
1130 2080 1325 2112 coniubilant

934 2127 1057 2167 Sponso
1082 2126 1233 2170 audienti,

888 2175 931 2207 Ei
953 2183 1066 2214 pacem
1089 2174 1221 2207 sibilant

934 2222 991 2254 Pie
1025 2222 1209 2263 quiescenti.

846 2295 853 2303 .
883 2270 957 2302 Iesu
984 2270 1102 2302 cubans
1128 2271 1257 2309 pectore

886 2317 1015 2350 Dormit
1037 2317 1071 2348 in
1096 2317 1247 2361 sacrario7

1240 2370 1275 2401 12
