1655 2534
103 194 144 226 V.
174 194 369 227 Turonensis

223 241 327 281 ipsum
352 241 501 274 continuo

177 288 354 320 Veneratur

222 344 348 374 semper
373 334 532 374 obsequio.

118 420 148 452 2.
177 418 255 452 Eius
280 418 420 450 tumbam

223 464 427 505 frequentant
450 466 602 506 languidi,

175 511 242 545 Ubi
265 514 354 544 tactu

225 560 327 591 sancti
351 559 541 600 sarcophagi

178 606 315 639 Sanitati

223 655 296 685 sunt
319 661 416 693 saepe
439 653 569 693 redditi,

105 700 147 734 V.
178 699 282 739 Caeci,
308 699 424 739 claudi,

219 747 359 779 morbosi
384 746 490 786 ceteri,

175 793 269 825 Illum
291 802 388 832 prece

224 842 389 879 poscentes
418 839 539 871 humili.

117 927 147 959 3.
174 924 233 958 Pie
260 925 398 965 praesul,

221 980 338 1011 pravos
355 970 498 1011 purifica,

178 1020 283 1058 Purga
307 1021 437 1057 mentes,

221 1065 306 1104 pelle
330 1064 457 1105 piacula

177 1113 284 1151 Atque
308 1112 405 1144 corda

226 1161 350 1190 tuorum
373 1158 467 1191 visita

174 1205 220 1237 Et
242 1205 284 1237 ad
308 1206 419 1237 laudes

225 1252 342 1283 excelsi
366 1250 514 1290 subleva3

107 1299 145 1332 V.
172 1300 231 1332 Pia
254 1307 351 1339 prece

223 1348 258 1377 tu
280 1345 371 1377 nobis
394 1347 531 1386 impetra

177 1393 254 1425 Post
279 1393 441 1425 decessum

226 1439 305 1471 caeli
329 1439 458 1472 solacia.

260 1610 308 1641 In
334 1608 563 1642 Laudibus.

319 1703 513 1738 Antiphonae.

122 1781 152 1814 1.
178 1779 311 1813 Nullum
337 1779 427 1812 dedit
454 1779 517 1811 otio

223 1826 373 1868 Tempus,
399 1826 452 1858 vel
475 1827 588 1859 orabat

179 1874 312 1914 Semper
337 1874 388 1906 vel
413 1873 577 1913 colloquiis

225 1921 341 1954 divinis
366 1921 511 1954 vacabat.

120 2010 151 2042 2.
174 2007 255 2040 Fixo
280 2007 376 2048 piscis
402 2009 529 2048 gutture

223 2055 312 2088 Dron
339 2064 411 2087 osse
436 2057 578 2098 vexatur,

855 194 918 227 Sed
943 196 984 227 ad
1010 195 1111 227 sancti
1137 195 1240 227 subito

900 250 1013 282 preces
1036 241 1201 274 liberatur.

796 310 827 341 3.
853 308 918 340 Ubi
940 306 1057 340 flumen
1079 307 1237 347 praesulis

898 355 999 387 instar
1021 355 1121 386 intrat
1144 362 1231 386 mare

852 401 964 434 Baculi
988 401 1157 433 Mauritius

902 448 1005 488 coepit
1027 447 1183 482 habitare.

795 515 827 547 4.
852 514 986 547 Romam
1008 513 1090 554 pet-it
1113 512 1268 554 pontifex,

900 560 955 594 ubi
980 562 1180 593 consecratus

853 608 915 641 Est
939 610 1034 648 atque
1055 607 1225 639 Mauritius

902 664 921 687 a
944 664 1029 695 papa
1051 656 1189 688 vocatus.

795 722 826 753 5.
854 720 988 759 Semper
1013 712 1166 761 evangelii

899 767 998 799 verba
1021 766 1195 798 reducebat

851 814 905 846 Ad
926 815 1072 853 mentem,
1098 813 1156 845 sed
1180 813 1305 853 saepius

899 860 957 891 illa
980 859 1173 899 proferebat.

968 952 1015 979 Ad
1033 952 1216 980 Benedictus.

779 1012 820 1042 A.
852 1010 919 1042 Nos
945 1019 965 1041 a
989 1010 1109 1041 cunctis

898 1056 1118 1096 iniquitatibus

852 1103 984 1143 Semper
1008 1105 1115 1135 servet

898 1152 1025 1182 sanctus
1049 1149 1220 1182 Mauritius

851 1199 958 1237 Atque
981 1198 1096 1237 purget

898 1244 1025 1283 suisque
1048 1242 1198 1283 precibus

852 1290 919 1323 Nos
945 1290 1114 1331 coniungat

899 1337 1043 1378 supernis
1069 1336 1198 1370 civibus

915 1478 960 1510 In
986 1480 1016 1510 2.
1043 1477 1264 1518 Vesperis.

976 1561 1022 1590 Ad
1042 1561 1220 1597 Magnificat-

782 1631 823 1662 A.
853 1630 925 1662 Iesu
953 1628 1072 1661 Christi

903 1675 1064 1708 confessor
1087 1676 1225 1716 humilis,

855 1723 912 1756 Pie
935 1723 1026 1755 nobis

901 1778 1087 1802 succurrens
1110 1769 1236 1802 miseris

853 1818 932 1858 Fac,
958 1818 1090 1850 excelsis

901 1866 934 1896 in
958 1866 1021 1897 tuis
1043 1865 1165 1897 meritis

855 1913 958 1945 Simus
983 1912 1042 1944 tuti

903 1960 1044 2000 expulsis
1069 1959 1156 1993 vitiis

857 2009 895 2040 In
920 2007 1059 2040 adventu

906 2053 1005 2087 futuri
1027 2053 1152 2087 iudicis.

176 2150 259 2178 Brev.
290 2149 497 2177 Aberdonense
525 2150 595 2184 imp.
625 2148 816 2185 Edinburgae
847 2145 928 2176 1510.
961 2161 998 2165 —
1027 2147 1070 2174 In
1102 2144 1125 2174 1.
1153 2147 1253 2181 Vesp.
1285 2146 1303 2172 Α
1334 2145 1360 2181 3,
1392 2146 1407 2175 1

104 2188 252 2216 Columba.
281 2203 317 2208 ——
344 2187 363 2213 Α
385 2184 411 2220 3,
433 2184 450 2214 3
470 2187 540 2215 Lies
562 2186 646 2220 Quod
665 2187 751 2214 hune.
770 2201 810 2206 —
833 2186 884 2213 Ad
903 2186 1031 2213 Matut.
1057 2185 1154 2218 Iuvit„
1175 2183 1194 2212 4
1220 2186 1302 2212 vexit
1325 2193 1408 2220 supe-

103 2235 175 2254 rum.
195 2239 232 2244 ——
252 2226 292 2253 In
314 2224 340 2253 1.
359 2226 461 2253 Noct.
482 2224 501 2251 R
522 2222 548 2259 3,
569 2223 586 2251 'l
606 2224 648 2252 Et
668 2226 740 2253 tota.
758 2238 797 2243 —
817 2224 859 2252 In
877 2222 906 2251 2.
926 2224 1025 2251 Noct.
1047 2222 1066 2249 R
1088 2221 1113 2249 1.
1138 2223 1190 2250 das
1210 2231 1301 2260 ganze
1321 2224 1408 2260 Resp.

104 2265 183 2301 zeigt
200 2262 398 2298 rhythmis-che
423 2262 614 2291 Unebenheit.
641 2278 678 2283 —
703 2263 731 2290 R
750 2259 775 2295 3,
797 2260 814 2290 3
839 2262 881 2289 Et
905 2260 983 2289 fehlt.
1012 2275 1049 2280 --
1074 2262 1115 2288 In
1134 2261 1247 2288 Laud.
1268 2261 1287 2288 Α
1307 2259 1325 2289 3
1346 2270 1410 2289 ver-

107 2301 237 2330 dorben?
256 2317 295 2321 —
315 2301 334 2327 Α
347 2300 375 2337 4,
395 2299 413 2329 3
425 2301 484 2330 Est
502 2302 604 2338 itaque
620 2301 787 2329 Mauritius.
