<?xml version="1.0" encoding="UTF-8"?>
<!DOCTYPE html PUBLIC "-//W3C//DTD XHTML 1.0 Transitional//EN"
    "http://www.w3.org/TR/xhtml1/DTD/xhtml1-transitional.dtd">
<html xmlns="http://www.w3.org/1999/xhtml" xml:lang="en" lang="en">
 <head>
  <title>
</title>
<meta http-equiv="Content-Type" content="text/html;charset=utf-8" />
  <meta name='ocr-system' content='tesseract 3.04.00' />
  <meta name='ocr-capabilities' content='ocr_page ocr_carea ocr_par ocr_line ocrx_word'/>
</head>
<body>
  <div class='ocr_page' id='page_1' title='image "./analectahymnica28drevuoft_00105.png"; bbox 0 0 1655 2534; ppageno 0'>
   <div class='ocr_carea' id='block_1_1' title="bbox 682 115 977 162">
    <p class='ocr_par' dir='ltr' id='par_1_1' title="bbox 682 115 977 162">
     <span class='ocr_line' id='line_1_1' title="bbox 682 115 977 162; baseline -0.003 -11"><span class='ocrx_word' id='word_1_1' title='bbox 682 115 977 162; x_wconf 59' lang='lat'>,-102—</span> 
     </span>
    </p>
   </div>
   <div class='ocr_carea' id='block_1_2' title="bbox 277 213 653 299">
    <p class='ocr_par' dir='ltr' id='par_1_2' title="bbox 277 213 653 299">
     <span class='ocr_line' id='line_1_2' title="bbox 277 213 622 255; baseline -0.006 -9"><span class='ocrx_word' id='word_1_2' title='bbox 277 215 377 246; x_wconf 83' lang='lat' dir='ltr'>Beata</span> <span class='ocrx_word' id='word_1_3' title='bbox 399 214 487 255; x_wconf 82' lang='lat' dir='ltr'>virgo</span> <span class='ocrx_word' id='word_1_4' title='bbox 511 213 622 245; x_wconf 82' lang='lat' dir='ltr'>Ottilia</span> 
     </span>
     <span class='ocr_line' id='line_1_3' title="bbox 279 260 653 299; baseline 0.003 -7"><span class='ocrx_word' id='word_1_5' title='bbox 279 262 426 293; x_wconf 86' lang='lat' dir='ltr'>Pervenit</span> <span class='ocrx_word' id='word_1_6' title='bbox 449 260 491 293; x_wconf 88' lang='lat' dir='ltr'>ad</span> <span class='ocrx_word' id='word_1_7' title='bbox 515 260 653 299; x_wconf 82' lang='lat' dir='ltr'>gloriam.</span> 
     </span>
    </p>
   </div>
   <div class='ocr_carea' id='block_1_3' title="bbox 342 381 687 413">
    <p class='ocr_par' dir='ltr' id='par_1_3' title="bbox 342 381 687 413">
     <span class='ocr_line' id='line_1_4' title="bbox 342 381 687 413; baseline 0 0"><span class='ocrx_word' id='word_1_8' title='bbox 342 382 402 413; x_wconf 86' lang='lat' dir='ltr'>Ad</span> <span class='ocrx_word' id='word_1_9' title='bbox 426 381 687 413; x_wconf 84' lang='lat' dir='ltr'>Matutinum.</span> 
     </span>
    </p>
   </div>
   <div class='ocr_carea' id='block_1_4' title="bbox 412 464 623 492">
    <p class='ocr_par' dir='ltr' id='par_1_4' title="bbox 412 464 623 492">
     <span class='ocr_line' id='line_1_5' title="bbox 412 464 623 492; baseline -0.014 0"><span class='ocrx_word' id='word_1_10' title='bbox 412 464 623 492; x_wconf 81' lang='lat' dir='ltr'>Invitatorium.</span> 
     </span>
    </p>
   </div>
   <div class='ocr_carea' id='block_1_5' title="bbox 279 529 761 746">
    <p class='ocr_par' dir='ltr' id='par_1_5' title="bbox 279 529 761 746">
     <span class='ocr_line' id='line_1_6' title="bbox 279 529 761 571; baseline -0.008 -9"><span class='ocrx_word' id='word_1_11' title='bbox 279 530 427 570; x_wconf 83' lang='lat' dir='ltr'>Magnum</span> <span class='ocrx_word' id='word_1_12' title='bbox 452 538 565 571; x_wconf 86' lang='lat' dir='ltr'>regem,</span> <span class='ocrx_word' id='word_1_13' title='bbox 593 529 761 566; x_wconf 79' lang='lat' dir='ltr'>Christum,</span> 
     </span>
     <span class='ocr_line' id='line_1_7' title="bbox 599 583 746 615; baseline -0.014 -9"><span class='ocrx_word' id='word_1_14' title='bbox 599 583 746 615; x_wconf 86' lang='lat' dir='ltr'>sponsum</span> 
     </span>
     <span class='ocr_line' id='line_1_8' title="bbox 324 622 675 661; baseline -0.009 -7"><span class='ocrx_word' id='word_1_15' title='bbox 324 623 488 654; x_wconf 88' lang='lat' dir='ltr'>adoremus</span> <span class='ocrx_word' id='word_1_16' title='bbox 512 622 675 661; x_wconf 86' lang='lat' dir='ltr'>virginum,</span> 
     </span>
     <span class='ocr_line' id='line_1_9' title="bbox 283 668 627 707; baseline -0.003 -8"><span class='ocrx_word' id='word_1_17' title='bbox 283 669 340 707; x_wconf 76' lang='lat' dir='ltr'>Qui</span> <span class='ocrx_word' id='word_1_18' title='bbox 365 669 475 700; x_wconf 88' lang='lat' dir='ltr'>beatae</span> <span class='ocrx_word' id='word_1_19' title='bbox 499 668 627 700; x_wconf 88' lang='lat' dir='ltr'>Ottiliae</span> 
     </span>
     <span class='ocr_line' id='line_1_10' title="bbox 324 714 731 746; baseline -0.005 0"><span class='ocrx_word' id='word_1_20' title='bbox 324 716 460 746; x_wconf 85' lang='lat' dir='ltr'>saeclum</span> <span class='ocrx_word' id='word_1_21' title='bbox 486 714 574 745; x_wconf 83' lang='lat' dir='ltr'>dedit</span> <span class='ocrx_word' id='word_1_22' title='bbox 600 714 731 745; x_wconf 88' lang='lat' dir='ltr'>vincere.</span> 
     </span>
    </p>
   </div>
   <div class='ocr_carea' id='block_1_6' title="bbox 342 835 694 868">
    <p class='ocr_par' dir='ltr' id='par_1_6' title="bbox 342 835 694 868">
     <span class='ocr_line' id='line_1_11' title="bbox 342 835 694 868; baseline -0.003 -1"><span class='ocrx_word' id='word_1_23' title='bbox 342 835 387 867; x_wconf 86' lang='lat' dir='ltr'>In</span> <span class='ocrx_word' id='word_1_24' title='bbox 414 837 443 868; x_wconf 91' lang='lat'>1.</span> <span class='ocrx_word' id='word_1_25' title='bbox 470 835 694 867; x_wconf 88' lang='lat' dir='ltr'>Nocturno.</span> 
     </span>
    </p>
   </div>
   <div class='ocr_carea' id='block_1_7' title="bbox 422 917 614 952">
    <p class='ocr_par' dir='ltr' id='par_1_7' title="bbox 422 917 614 952">
     <span class='ocr_line' id='line_1_12' title="bbox 422 917 614 952; baseline 0 -8"><span class='ocrx_word' id='word_1_26' title='bbox 422 917 614 952; x_wconf 75' lang='lat' dir='ltr'>Antiphonae.</span> 
     </span>
    </p>
   </div>
   <div class='ocr_carea' id='block_1_8' title="bbox 250 983 668 1162">
    <p class='ocr_par' dir='ltr' id='par_1_8' title="bbox 250 983 668 1162">
     <span class='ocr_line' id='line_1_13' title="bbox 250 983 496 1022; baseline -0.004 -7"><span class='ocrx_word' id='word_1_27' title='bbox 250 1008 257 1015; x_wconf 93' lang='lat'>.</span> <span class='ocrx_word' id='word_1_28' title='bbox 283 983 388 1022; x_wconf 86' lang='lat' dir='ltr'>Stirpe</span> <span class='ocrx_word' id='word_1_29' title='bbox 411 984 496 1015; x_wconf 85' lang='lat' dir='ltr'>clara</span> 
     </span>
     <span class='ocr_line' id='line_1_14' title="bbox 328 1029 558 1068; baseline -0.004 -8"><span class='ocrx_word' id='word_1_30' title='bbox 328 1030 413 1061; x_wconf 88' lang='lat' dir='ltr'>edit-a</span> <span class='ocrx_word' id='word_1_31' title='bbox 440 1029 558 1068; x_wconf 84' lang='lat' dir='ltr'>Ottilia,</span> 
     </span>
     <span class='ocr_line' id='line_1_15' title="bbox 282 1074 641 1107; baseline 0 -1"><span class='ocrx_word' id='word_1_32' title='bbox 282 1075 456 1107; x_wconf 86' lang='lat' dir='ltr'>Galliarum</span> <span class='ocrx_word' id='word_1_33' title='bbox 478 1075 512 1106; x_wconf 91' lang='lat' dir='ltr'>in</span> <span class='ocrx_word' id='word_1_34' title='bbox 527 1074 641 1106; x_wconf 86' lang='lat' dir='ltr'>finibus</span> 
     </span>
     <span class='ocr_line' id='line_1_16' title="bbox 330 1122 668 1162; baseline 0.003 -9"><span class='ocrx_word' id='word_1_35' title='bbox 330 1125 505 1162; x_wconf 65' lang='lat' dir='ltr'>sumpserat</span> <span class='ocrx_word' id='word_1_36' title='bbox 530 1122 668 1155; x_wconf 80' lang='lat' dir='ltr'>exordia.</span> 
     </span>
    </p>
   </div>
   <div class='ocr_carea' id='block_1_9' title="bbox 254 1187 715 1365">
    <p class='ocr_par' dir='ltr' id='par_1_9' title="bbox 254 1187 715 1365">
     <span class='ocr_line' id='line_1_17' title="bbox 254 1187 553 1218; baseline 0 -1"><span class='ocrx_word' id='word_1_37' title='bbox 254 1212 260 1218; x_wconf 93' lang='lat'>.</span> <span class='ocrx_word' id='word_1_38' title='bbox 287 1188 452 1218; x_wconf 84' lang='lat' dir='ltr'>Annuente</span> <span class='ocrx_word' id='word_1_39' title='bbox 475 1187 553 1217; x_wconf 88' lang='lat' dir='ltr'>miro</span> 
     </span>
     <span class='ocr_line' id='line_1_18' title="bbox 328 1233 657 1271; baseline -0.003 -7"><span class='ocrx_word' id='word_1_40' title='bbox 328 1233 388 1264; x_wconf 89' lang='lat' dir='ltr'>Dei</span> <span class='ocrx_word' id='word_1_41' title='bbox 416 1236 493 1264; x_wconf 87' lang='lat' dir='ltr'>nutu</span> <span class='ocrx_word' id='word_1_42' title='bbox 519 1233 657 1271; x_wconf 84' lang='lat' dir='ltr'>contigit,</span> 
     </span>
     <span class='ocr_line' id='line_1_19' title="bbox 282 1279 715 1318; baseline -0.002 -8"><span class='ocrx_word' id='word_1_43' title='bbox 282 1279 327 1311; x_wconf 86' lang='lat' dir='ltr'>Ut</span> <span class='ocrx_word' id='word_1_44' title='bbox 349 1280 388 1310; x_wconf 82' lang='lat' dir='ltr'>ab</span> <span class='ocrx_word' id='word_1_45' title='bbox 414 1280 484 1318; x_wconf 87' lang='lat' dir='ltr'>ipso</span> <span class='ocrx_word' id='word_1_46' title='bbox 509 1280 618 1310; x_wconf 85' lang='lat' dir='ltr'>matris</span> <span class='ocrx_word' id='word_1_47' title='bbox 644 1280 715 1310; x_wconf 86' lang='lat' dir='ltr'>alvo</span> 
     </span>
     <span class='ocr_line' id='line_1_20' title="bbox 328 1326 713 1365; baseline 0.003 -9"><span class='ocrx_word' id='word_1_48' title='bbox 328 1334 440 1365; x_wconf 77' lang='lat' dir='ltr'><strong>expers</strong></span> <span class='ocrx_word' id='word_1_49' title='bbox 469 1329 551 1356; x_wconf 83' lang='lat' dir='ltr'>esset</span> <span class='ocrx_word' id='word_1_50' title='bbox 575 1326 713 1357; x_wconf 78' lang='lat' dir='ltr'>luminis,</span> 
     </span>
    </p>
   </div>
   <div class='ocr_carea' id='block_1_10' title="bbox 227 1390 639 1422">
    <p class='ocr_par' dir='ltr' id='par_1_10' title="bbox 227 1390 639 1422">
     <span class='ocr_line' id='line_1_21' title="bbox 227 1390 639 1422; baseline -0.002 -1"><span class='ocrx_word' id='word_1_51' title='bbox 227 1393 256 1422; x_wconf 70' lang='lat'>⁰.</span> <span class='ocrx_word' id='word_1_52' title='bbox 284 1390 376 1422; x_wconf 80' lang='lat' dir='ltr'>Cuius</span> <span class='ocrx_word' id='word_1_53' title='bbox 402 1391 486 1422; x_wconf 85' lang='lat' dir='ltr'>Deus</span> <span class='ocrx_word' id='word_1_54' title='bbox 511 1391 639 1422; x_wconf 82' lang='lat' dir='ltr'>orbitati</span> 
     </span>
    </p>
   </div>
   <div class='ocr_carea' id='block_1_11' title="bbox 282 1437 828 1568">
    <p class='ocr_par' dir='ltr' id='par_1_11' title="bbox 282 1437 828 1568">
     <span class='ocr_line' id='line_1_22' title="bbox 328 1437 708 1468; baseline 0.003 -1"><span class='ocrx_word' id='word_1_55' title='bbox 328 1438 514 1468; x_wconf 70' lang='lat' dir='ltr'>miseranter</span> <span class='ocrx_word' id='word_1_56' title='bbox 540 1437 708 1468; x_wconf 83' lang='lat' dir='ltr'>condolens</span> 
     </span>
     <span class='ocr_line' id='line_1_23' title="bbox 282 1482 689 1523; baseline 0 -9"><span class='ocrx_word' id='word_1_57' title='bbox 282 1482 477 1515; x_wconf 85' lang='lat' dir='ltr'>Reformavit</span> <span class='ocrx_word' id='word_1_58' title='bbox 500 1483 562 1523; x_wconf 91' lang='lat' dir='ltr'>ipsi</span> <span class='ocrx_word' id='word_1_59' title='bbox 585 1483 689 1514; x_wconf 88' lang='lat' dir='ltr'>lumen</span> 
     </span>
     <span class='ocr_line' id='line_1_24' title="bbox 331 1529 828 1568; baseline 0.004 -8"><span class='ocrx_word' id='word_1_60' title='bbox 331 1538 387 1568; x_wconf 89' lang='lat' dir='ltr'>per</span> <span class='ocrx_word' id='word_1_61' title='bbox 414 1529 617 1568; x_wconf 82' lang='lat' dir='ltr'>Bildolphum</span> <span class='ocrx_word' id='word_1_62' title='bbox 642 1530 828 1568; x_wconf 74' lang='lat' dir='ltr'>praesulem.</span> 
     </span>
    </p>
   </div>
   <div class='ocr_carea' id='block_1_12' title="bbox 347 1648 701 1683">
    <p class='ocr_par' dir='ltr' id='par_1_12' title="bbox 347 1648 701 1683">
     <span class='ocr_line' id='line_1_25' title="bbox 347 1648 701 1683; baseline 0 -2"><span class='ocrx_word' id='word_1_63' title='bbox 347 1650 390 1681; x_wconf 87' lang='lat' dir='ltr'>In</span> <span class='ocrx_word' id='word_1_64' title='bbox 418 1651 448 1683; x_wconf 85' lang='lat'>2.</span> <span class='ocrx_word' id='word_1_65' title='bbox 475 1648 701 1681; x_wconf 86' lang='lat' dir='ltr'>Nocturno.</span> 
     </span>
    </p>
   </div>
   <div class='ocr_carea' id='block_1_13' title="bbox 434 1731 627 1766">
    <p class='ocr_par' dir='ltr' id='par_1_13' title="bbox 434 1731 627 1766">
     <span class='ocr_line' id='line_1_26' title="bbox 434 1731 627 1766; baseline -0.005 -7"><span class='ocrx_word' id='word_1_66' title='bbox 434 1731 559 1766; x_wconf 78' lang='lat' dir='ltr'>Antipho</span> <span class='ocrx_word' id='word_1_67' title='bbox 563 1740 627 1759; x_wconf 84' lang='lat' dir='ltr'>nae.</span> 
     </span>
    </p>
   </div>
   <div class='ocr_carea' id='block_1_14' title="bbox 252 1796 829 1977">
    <p class='ocr_par' dir='ltr' id='par_1_14' title="bbox 252 1796 829 1884">
     <span class='ocr_line' id='line_1_27' title="bbox 252 1796 829 1837; baseline 0.002 -9"><span class='ocrx_word' id='word_1_68' title='bbox 252 1820 259 1828; x_wconf 93' lang='lat'><strong><em>.</em></strong></span> <span class='ocrx_word' id='word_1_69' title='bbox 285 1797 377 1828; x_wconf 88' lang='lat' dir='ltr'>Hanc</span> <span class='ocrx_word' id='word_1_70' title='bbox 386 1798 457 1829; x_wconf 90' lang='lat' dir='ltr'>dum</span> <span class='ocrx_word' id='word_1_71' title='bbox 463 1797 524 1829; x_wconf 90' lang='lat' dir='ltr'>iam</span> <span class='ocrx_word' id='word_1_72' title='bbox 535 1798 661 1837; x_wconf 85' lang='lat' dir='ltr'>praesul</span> <span class='ocrx_word' id='word_1_73' title='bbox 668 1796 829 1837; x_wconf 81' lang='lat' dir='ltr'>praefatus</span> 
     </span>
     <span class='ocr_line' id='line_1_28' title="bbox 332 1844 664 1884; baseline 0.003 -10"><span class='ocrx_word' id='word_1_74' title='bbox 332 1852 420 1875; x_wconf 88' lang='lat' dir='ltr'>sacro</span> <span class='ocrx_word' id='word_1_75' title='bbox 445 1844 533 1876; x_wconf 84' lang='lat' dir='ltr'>fonte</span> <span class='ocrx_word' id='word_1_76' title='bbox 556 1844 664 1884; x_wconf 86' lang='lat' dir='ltr'>abluit,</span> 
     </span>
    </p>

    <p class='ocr_par' dir='ltr' id='par_1_15' title="bbox 283 1889 750 1977">
     <span class='ocr_line' id='line_1_29' title="bbox 283 1889 750 1932; baseline 0.002 -11"><span class='ocrx_word' id='word_1_77' title='bbox 283 1890 375 1921; x_wconf 83' lang='lat' dir='ltr'>Alter</span> <span class='ocrx_word' id='word_1_78' title='bbox 398 1889 550 1932; x_wconf 84' lang='lat' dir='ltr'>pontifex,</span> <span class='ocrx_word' id='word_1_79' title='bbox 576 1890 750 1931; x_wconf 88' lang='lat' dir='ltr'>Erhardus,</span> 
     </span>
     <span class='ocr_line' id='line_1_30' title="bbox 331 1937 701 1977; baseline 0.003 -9"><span class='ocrx_word' id='word_1_80' title='bbox 331 1946 350 1968; x_wconf 82' lang='lat' dir='ltr'>a</span> <span class='ocrx_word' id='word_1_81' title='bbox 373 1937 528 1976; x_wconf 86' lang='lat' dir='ltr'>baptismo</span> <span class='ocrx_word' id='word_1_82' title='bbox 553 1938 701 1977; x_wconf 88' lang='lat' dir='ltr'>suscepit.</span> 
     </span>
    </p>
   </div>
   <div class='ocr_carea' id='block_1_15' title="bbox 254 2002 737 2175">
    <p class='ocr_par' dir='ltr' id='par_1_16' title="bbox 254 2002 703 2135">
     <span class='ocr_line' id='line_1_31' title="bbox 254 2002 677 2043; baseline 0 -10"><span class='ocrx_word' id='word_1_83' title='bbox 254 2026 261 2033; x_wconf 93' lang='lat'>.</span> <span class='ocrx_word' id='word_1_84' title='bbox 286 2002 386 2042; x_wconf 86' lang='lat' dir='ltr'>Virgo</span> <span class='ocrx_word' id='word_1_85' title='bbox 416 2002 534 2035; x_wconf 81' lang='lat' dir='ltr'>Christi</span> <span class='ocrx_word' id='word_1_86' title='bbox 559 2002 677 2043; x_wconf 83' lang='lat' dir='ltr'>Ottilia,</span> 
     </span>
     <span class='ocr_line' id='line_1_32' title="bbox 331 2049 670 2089; baseline 0.006 -10"><span class='ocrx_word' id='word_1_87' title='bbox 331 2058 421 2080; x_wconf 88' lang='lat' dir='ltr'>sacro</span> <span class='ocrx_word' id='word_1_88' title='bbox 446 2050 511 2081; x_wconf 88' lang='lat' dir='ltr'>lota</span> <span class='ocrx_word' id='word_1_89' title='bbox 534 2049 670 2089; x_wconf 84' lang='lat' dir='ltr'>lavacro,</span> 
     </span>
     <span class='ocr_line' id='line_1_33' title="bbox 283 2094 703 2135; baseline 0.005 -9"><span class='ocrx_word' id='word_1_90' title='bbox 283 2095 361 2127; x_wconf 89' lang='lat' dir='ltr'>Visu</span> <span class='ocrx_word' id='word_1_91' title='bbox 385 2097 499 2135; x_wconf 85' lang='lat' dir='ltr'>gaudet</span> <span class='ocrx_word' id='word_1_92' title='bbox 524 2094 703 2135; x_wconf 85' lang='lat' dir='ltr'>reformato,</span> 
     </span>
    </p>

    <p class='ocr_par' dir='ltr' id='par_1_17' title="bbox 331 2142 737 2175">
     <span class='ocr_line' id='line_1_34' title="bbox 331 2142 737 2175; baseline 0 -2"><span class='ocrx_word' id='word_1_93' title='bbox 331 2142 403 2173; x_wconf 88' lang='lat' dir='ltr'>dum</span> <span class='ocrx_word' id='word_1_94' title='bbox 427 2142 537 2174; x_wconf 84' lang='lat' dir='ltr'>linitur</span> <span class='ocrx_word' id='word_1_95' title='bbox 561 2143 737 2175; x_wconf 81' lang='lat' dir='ltr'>chrismate.</span> 
     </span>
    </p>
   </div>
   <div class='ocr_carea' id='block_1_16' title="bbox 230 2207 721 2242">
    <p class='ocr_par' dir='ltr' id='par_1_18' title="bbox 230 2207 721 2242">
     <span class='ocr_line' id='line_1_35' title="bbox 230 2207 721 2242; baseline 0.002 -3"><span class='ocrx_word' id='word_1_96' title='bbox 230 2209 262 2239; x_wconf 84' lang='lat'>3.</span> <span class='ocrx_word' id='word_1_97' title='bbox 289 2207 313 2239; x_wconf 93' lang='lat' dir='ltr'>O</span> <span class='ocrx_word' id='word_1_98' title='bbox 337 2208 482 2240; x_wconf 83' lang='lat' dir='ltr'>miranda</span> <span class='ocrx_word' id='word_1_99' title='bbox 506 2211 537 2239; x_wconf 78' lang='lat' dir='ltr'>et</span> <span class='ocrx_word' id='word_1_100' title='bbox 559 2209 721 2242; x_wconf 88' lang='lat' dir='ltr'>laudanda</span> 
     </span>
    </p>
   </div>
   <div class='ocr_carea' id='block_1_17' title="bbox 286 2253 752 2388">
    <p class='ocr_par' dir='ltr' id='par_1_19' title="bbox 286 2253 752 2388">
     <span class='ocr_line' id='line_1_36' title="bbox 331 2253 661 2296; baseline 0.009 -11"><span class='ocrx_word' id='word_1_101' title='bbox 331 2253 457 2286; x_wconf 85' lang='lat' dir='ltr'>Domini</span> <span class='ocrx_word' id='word_1_102' title='bbox 486 2256 661 2296; x_wconf 82' lang='lat' dir='ltr'>clementia,</span> 
     </span>
     <span class='ocr_line' id='line_1_37' title="bbox 286 2299 752 2339; baseline 0.006 -8"><span class='ocrx_word' id='word_1_103' title='bbox 286 2299 437 2339; x_wconf 84' lang='lat' dir='ltr'>Sponsam</span> <span class='ocrx_word' id='word_1_104' title='bbox 462 2311 548 2333; x_wconf 87' lang='lat' dir='ltr'>suam</span> <span class='ocrx_word' id='word_1_105' title='bbox 572 2303 752 2334; x_wconf 89' lang='lat' dir='ltr'>illuminans</span> 
     </span>
     <span class='ocr_line' id='line_1_38' title="bbox 328 2348 712 2388; baseline 0.01 -10"><span class='ocrx_word' id='word_1_106' title='bbox 328 2355 387 2387; x_wconf 88' lang='lat' dir='ltr'>per</span> <span class='ocrx_word' id='word_1_107' title='bbox 409 2348 517 2380; x_wconf 85' lang='lat' dir='ltr'>beatos</span> <span class='ocrx_word' id='word_1_108' title='bbox 541 2350 712 2388; x_wconf 84' lang='lat' dir='ltr'>praesules.</span> 
     </span>
    </p>
   </div>
   <div class='ocr_carea' id='block_1_18' title="bbox 1011 207 1370 241">
    <p class='ocr_par' dir='ltr' id='par_1_20' title="bbox 1011 207 1370 241">
     <span class='ocr_line' id='line_1_39' title="bbox 1011 207 1370 241; baseline -0.014 0"><span class='ocrx_word' id='word_1_109' title='bbox 1011 209 1055 241; x_wconf 79' lang='lat' dir='ltr'>In</span> <span class='ocrx_word' id='word_1_110' title='bbox 1080 210 1113 241; x_wconf 81' lang='lat'>3.</span> <span class='ocrx_word' id='word_1_111' title='bbox 1136 207 1370 239; x_wconf 67' lang='lat' dir='ltr'>Nooturno.</span> 
     </span>
    </p>
   </div>
   <div class='ocr_carea' id='block_1_19' title="bbox 1094 290 1289 326">
    <p class='ocr_par' dir='ltr' id='par_1_21' title="bbox 1094 290 1289 326">
     <span class='ocr_line' id='line_1_40' title="bbox 1094 290 1289 326; baseline -0.01 -8"><span class='ocrx_word' id='word_1_112' title='bbox 1094 290 1289 326; x_wconf 82' lang='lat' dir='ltr'>Antiphonae.</span> 
     </span>
    </p>
   </div>
   <div class='ocr_carea' id='block_1_20' title="bbox 893 356 1316 392">
    <p class='ocr_par' dir='ltr' id='par_1_22' title="bbox 893 356 1316 392">
     <span class='ocr_line' id='line_1_41' title="bbox 893 356 1316 392; baseline -0.009 -1"><span class='ocrx_word' id='word_1_113' title='bbox 893 359 924 392; x_wconf 88' lang='lat'>1.</span> <span class='ocrx_word' id='word_1_114' title='bbox 949 359 980 390; x_wconf 92' lang='lat' dir='ltr'><strong>A</strong></span> <span class='ocrx_word' id='word_1_115' title='bbox 1004 358 1138 390; x_wconf 90' lang='lat' dir='ltr'>Domino</span> <span class='ocrx_word' id='word_1_116' title='bbox 1167 356 1316 388; x_wconf 84' lang='lat' dir='ltr'>roborata</span> 
     </span>
    </p>
   </div>
   <div class='ocr_carea' id='block_1_21' title="bbox 952 404 1347 538">
    <p class='ocr_par' dir='ltr' id='par_1_23' title="bbox 952 404 1347 538">
     <span class='ocr_line' id='line_1_42' title="bbox 995 404 1277 444; baseline -0.014 -7"><span class='ocrx_word' id='word_1_117' title='bbox 995 406 1133 437; x_wconf 84' lang='lat' dir='ltr'>laetatur</span> <span class='ocrx_word' id='word_1_118' title='bbox 1157 404 1277 444; x_wconf 76' lang='lat' dir='ltr'>Ottihta,</span> 
     </span>
     <span class='ocr_line' id='line_1_43' title="bbox 952 452 1347 489; baseline -0.008 -6"><span class='ocrx_word' id='word_1_119' title='bbox 952 452 1040 483; x_wconf 83' lang='lat' dir='ltr'>Patri</span> <span class='ocrx_word' id='word_1_120' title='bbox 1065 461 1120 483; x_wconf 89' lang='lat' dir='ltr'>suo</span> <span class='ocrx_word' id='word_1_121' title='bbox 1144 453 1347 489; x_wconf 82' lang='lat' dir='ltr'>peccatorum</span> 
     </span>
     <span class='ocr_line' id='line_1_44' title="bbox 998 497 1292 538; baseline 0 -9"><span class='ocrx_word' id='word_1_122' title='bbox 998 499 1168 538; x_wconf 83' lang='lat' dir='ltr'>impetrata</span> <span class='ocrx_word' id='word_1_123' title='bbox 1191 497 1292 529; x_wconf 64' lang='lat' dir='ltr'>venia</span> 
     </span>
    </p>
   </div>
   <div class='ocr_carea' id='block_1_22' title="bbox 895 552 1421 593">
    <p class='ocr_par' dir='ltr' id='par_1_24' title="bbox 895 552 1421 593">
     <span class='ocr_line' id='line_1_45' title="bbox 895 552 1421 593; baseline -0.01 -7"><span class='ocrx_word' id='word_1_124' title='bbox 895 556 925 587; x_wconf 79' lang='lat'>2.</span> <span class='ocrx_word' id='word_1_125' title='bbox 952 555 1004 586; x_wconf 87' lang='lat' dir='ltr'>Ad</span> <span class='ocrx_word' id='word_1_126' title='bbox 1028 553 1225 593; x_wconf 77' lang='lat' dir='ltr'>probandam</span> <span class='ocrx_word' id='word_1_127' title='bbox 1249 552 1421 583; x_wconf 81' lang='lat' dir='ltr'>almitatem</span> 
     </span>
    </p>
   </div>
   <div class='ocr_carea' id='block_1_23' title="bbox 949 599 1357 732">
    <p class='ocr_par' dir='ltr' id='par_1_25' title="bbox 949 599 1357 732">
     <span class='ocr_line' id='line_1_46' title="bbox 997 599 1303 640; baseline -0.01 -8"><span class='ocrx_word' id='word_1_128' title='bbox 997 600 1153 640; x_wconf 77' lang='lat' dir='ltr'>gloriosae</span> <span class='ocrx_word' id='word_1_129' title='bbox 1173 599 1303 638; x_wconf 83' lang='lat' dir='ltr'>virginis</span> 
     </span>
     <span class='ocr_line' id='line_1_47' title="bbox 949 645 1346 678; baseline -0.008 0"><span class='ocrx_word' id='word_1_130' title='bbox 949 647 1028 678; x_wconf 81' lang='lat' dir='ltr'>Eius</span> <span class='ocrx_word' id='word_1_131' title='bbox 1051 646 1192 678; x_wconf 81' lang='lat' dir='ltr'>mamilla</span> <span class='ocrx_word' id='word_1_132' title='bbox 1214 645 1346 676; x_wconf 82' lang='lat' dir='ltr'>nutricis</span> 
     </span>
     <span class='ocr_line' id='line_1_48' title="bbox 998 692 1357 732; baseline -0.006 -7"><span class='ocrx_word' id='word_1_133' title='bbox 998 694 1184 732; x_wconf 84' lang='lat' dir='ltr'>incorrupta</span> <span class='ocrx_word' id='word_1_134' title='bbox 1208 692 1357 730; x_wconf 84' lang='lat' dir='ltr'>perstitit.</span> 
     </span>
    </p>
   </div>
   <div class='ocr_carea' id='block_1_24' title="bbox 896 747 1363 781">
    <p class='ocr_par' dir='ltr' id='par_1_26' title="bbox 896 747 1363 781">
     <span class='ocr_line' id='line_1_49' title="bbox 896 747 1363 781; baseline -0.006 0"><span class='ocrx_word' id='word_1_135' title='bbox 896 769 925 781; x_wconf 57' lang='grc' dir='ltr'>ι.</span> <span class='ocrx_word' id='word_1_136' title='bbox 951 749 1021 781; x_wconf 80' lang='lat' dir='ltr'>Lux</span> <span class='ocrx_word' id='word_1_137' title='bbox 1048 748 1193 781; x_wconf 82' lang='lat' dir='ltr'>caelestis</span> <span class='ocrx_word' id='word_1_138' title='bbox 1219 747 1363 779; x_wconf 78' lang='lat' dir='ltr'>exoranti</span> 
     </span>
    </p>
   </div>
   <div class='ocr_carea' id='block_1_25' title="bbox 953 795 1436 921">
    <p class='ocr_par' dir='ltr' id='par_1_27' title="bbox 953 795 1436 921">
     <span class='ocr_line' id='line_1_50' title="bbox 998 795 1273 836; baseline -0.011 -9"><span class='ocrx_word' id='word_1_139' title='bbox 998 796 1113 836; x_wconf 85' lang='lat' dir='ltr'>virgini</span> <span class='ocrx_word' id='word_1_140' title='bbox 1137 795 1273 833; x_wconf 85' lang='lat' dir='ltr'>emicuit,</span> 
     </span>
     <span class='ocr_line' id='line_1_51' title="bbox 953 840 1436 882; baseline -0.008 -8"><span class='ocrx_word' id='word_1_141' title='bbox 953 843 1058 882; x_wconf 86' lang='lat' dir='ltr'>Atque</span> <span class='ocrx_word' id='word_1_142' title='bbox 1082 850 1224 873; x_wconf 83' lang='lat' dir='ltr'>maerens</span> <span class='ocrx_word' id='word_1_143' title='bbox 1251 850 1327 873; x_wconf 88' lang='lat' dir='ltr'>voce</span> <span class='ocrx_word' id='word_1_144' title='bbox 1352 840 1436 871; x_wconf 88' lang='lat' dir='ltr'>dulci</span> 
     </span>
     <span class='ocr_line' id='line_1_52' title="bbox 1004 888 1343 921; baseline -0.009 0"><span class='ocrx_word' id='word_1_145' title='bbox 1004 890 1181 921; x_wconf 83' lang='lat' dir='ltr'>consolatur</span> <span class='ocrx_word' id='word_1_146' title='bbox 1206 888 1343 919; x_wconf 84' lang='lat' dir='ltr'>Domini.</span> 
     </span>
    </p>
   </div>
   <div class='ocr_carea' id='block_1_26' title="bbox 1048 991 1340 1024">
    <p class='ocr_par' dir='ltr' id='par_1_28' title="bbox 1048 991 1340 1024">
     <span class='ocr_line' id='line_1_53' title="bbox 1048 991 1340 1024; baseline -0.007 0"><span class='ocrx_word' id='word_1_147' title='bbox 1048 994 1094 1024; x_wconf 89' lang='lat' dir='ltr'>ln</span> <span class='ocrx_word' id='word_1_148' title='bbox 1119 991 1340 1023; x_wconf 84' lang='lat' dir='ltr'>Laudibus.</span> 
     </span>
    </p>
   </div>
   <div class='ocr_carea' id='block_1_27' title="bbox 1097 1074 1293 1109">
    <p class='ocr_par' dir='ltr' id='par_1_29' title="bbox 1097 1074 1293 1109">
     <span class='ocr_line' id='line_1_54' title="bbox 1097 1074 1293 1109; baseline -0.01 -7"><span class='ocrx_word' id='word_1_149' title='bbox 1097 1074 1293 1109; x_wconf 77' lang='lat' dir='ltr'>Antiphonae.</span> 
     </span>
    </p>
   </div>
   <div class='ocr_carea' id='block_1_28' title="bbox 922 1141 1311 1173">
    <p class='ocr_par' dir='ltr' id='par_1_30' title="bbox 922 1141 1311 1173">
     <span class='ocr_line' id='line_1_55' title="bbox 922 1141 1311 1173; baseline -0.005 0"><span class='ocrx_word' id='word_1_150' title='bbox 922 1166 929 1173; x_wconf 96' lang='lat'>.</span> <span class='ocrx_word' id='word_1_151' title='bbox 955 1142 992 1173; x_wconf 89' lang='lat' dir='ltr'>In</span> <span class='ocrx_word' id='word_1_152' title='bbox 1017 1141 1136 1172; x_wconf 85' lang='lat' dir='ltr'>honore</span> <span class='ocrx_word' id='word_1_153' title='bbox 1159 1141 1311 1171; x_wconf 81' lang='lat' dir='ltr'>trinitatis</span> 
     </span>
    </p>
   </div>
   <div class='ocr_carea' id='block_1_29' title="bbox 956 1187 1410 1312">
    <p class='ocr_par' dir='ltr' id='par_1_31' title="bbox 956 1187 1410 1312">
     <span class='ocr_line' id='line_1_56' title="bbox 1002 1187 1356 1227; baseline -0.003 -9"><span class='ocrx_word' id='word_1_154' title='bbox 1002 1190 1066 1218; x_wconf 92' lang='lat' dir='ltr'>tres</span> <span class='ocrx_word' id='word_1_155' title='bbox 1091 1187 1248 1227; x_wconf 83' lang='lat' dir='ltr'>plantavit.</span> <span class='ocrx_word' id='word_1_156' title='bbox 1272 1187 1356 1218; x_wconf 87' lang='lat' dir='ltr'>tilias</span> 
     </span>
     <span class='ocr_line' id='line_1_57' title="bbox 956 1233 1410 1272; baseline -0.004 -7"><span class='ocrx_word' id='word_1_157' title='bbox 956 1234 1169 1266; x_wconf 88' lang='lat' dir='ltr'>Perdurantes</span> <span class='ocrx_word' id='word_1_158' title='bbox 1194 1234 1227 1264; x_wconf 89' lang='lat' dir='ltr'>in</span> <span class='ocrx_word' id='word_1_159' title='bbox 1250 1233 1410 1272; x_wconf 83' lang='lat' dir='ltr'>praesenti</span> 
     </span>
     <span class='ocr_line' id='line_1_58' title="bbox 1003 1280 1410 1312; baseline 0 0"><span class='ocrx_word' id='word_1_160' title='bbox 1003 1281 1041 1312; x_wconf 93' lang='lat' dir='ltr'>ob</span> <span class='ocrx_word' id='word_1_161' title='bbox 1067 1282 1195 1312; x_wconf 84' lang='lat' dir='ltr'>sanctae</span> <span class='ocrx_word' id='word_1_162' title='bbox 1218 1280 1410 1312; x_wconf 78' lang='lat' dir='ltr'>memoriam.</span> 
     </span>
    </p>
   </div>
   <div class='ocr_carea' id='block_1_30' title="bbox 925 1335 1451 1375">
    <p class='ocr_par' dir='ltr' id='par_1_32' title="bbox 925 1335 1451 1375">
     <span class='ocr_line' id='line_1_59' title="bbox 925 1335 1451 1375; baseline -0.004 -7"><span class='ocrx_word' id='word_1_163' title='bbox 925 1361 932 1368; x_wconf 93' lang='lat'>.</span> <span class='ocrx_word' id='word_1_164' title='bbox 956 1336 1126 1375; x_wconf 86' lang='lat' dir='ltr'>Apparens</span> <span class='ocrx_word' id='word_1_165' title='bbox 1151 1339 1279 1367; x_wconf 87' lang='lat' dir='ltr'>sanctae</span> <span class='ocrx_word' id='word_1_166' title='bbox 1304 1335 1451 1374; x_wconf 81' lang='lat' dir='ltr'>Baptista</span> 
     </span>
    </p>
   </div>
   <div class='ocr_carea' id='block_1_31' title="bbox 955 1382 1415 1515">
    <p class='ocr_par' dir='ltr' id='par_1_33' title="bbox 955 1382 1415 1515">
     <span class='ocr_line' id='line_1_60' title="bbox 1004 1382 1383 1414; baseline 0 -1"><span class='ocrx_word' id='word_1_167' title='bbox 1004 1391 1073 1414; x_wconf 91' lang='lat' dir='ltr'>cum</span> <span class='ocrx_word' id='word_1_168' title='bbox 1098 1383 1242 1414; x_wconf 80' lang='lat' dir='ltr'>mirando</span> <span class='ocrx_word' id='word_1_169' title='bbox 1264 1382 1383 1414; x_wconf 87' lang='lat' dir='ltr'>lumine</span> 
     </span>
     <span class='ocr_line' id='line_1_61' title="bbox 955 1429 1415 1461; baseline -0.002 -1"><span class='ocrx_word' id='word_1_170' title='bbox 955 1429 1074 1461; x_wconf 88' lang='lat' dir='ltr'>Domus</span> <span class='ocrx_word' id='word_1_171' title='bbox 1099 1430 1159 1461; x_wconf 92' lang='lat' dir='ltr'>Dei</span> <span class='ocrx_word' id='word_1_172' title='bbox 1185 1429 1415 1461; x_wconf 81' lang='lat' dir='ltr'>construendae</span> 
     </span>
     <span class='ocr_line' id='line_1_62' title="bbox 1003 1476 1363 1515; baseline 0.006 -9"><span class='ocrx_word' id='word_1_173' title='bbox 1003 1476 1065 1507; x_wconf 92' lang='lat' dir='ltr'>loci</span> <span class='ocrx_word' id='word_1_174' title='bbox 1089 1477 1192 1515; x_wconf 85' lang='lat' dir='ltr'>signat</span> <span class='ocrx_word' id='word_1_175' title='bbox 1216 1477 1363 1515; x_wconf 87' lang='lat' dir='ltr'>spatium.</span> 
     </span>
    </p>
   </div>
   <div class='ocr_carea' id='block_1_32' title="bbox 923 1531 1494 1570">
    <p class='ocr_par' dir='ltr' id='par_1_34' title="bbox 923 1531 1494 1570">
     <span class='ocr_line' id='line_1_63' title="bbox 923 1531 1494 1570; baseline 0 -7"><span class='ocrx_word' id='word_1_176' title='bbox 923 1556 931 1563; x_wconf 92' lang='lat'>.</span> <span class='ocrx_word' id='word_1_177' title='bbox 956 1531 1059 1563; x_wconf 85' lang='lat' dir='ltr'>Boves</span> <span class='ocrx_word' id='word_1_178' title='bbox 1085 1541 1153 1563; x_wconf 90' lang='lat' dir='ltr'>cum</span> <span class='ocrx_word' id='word_1_179' title='bbox 1178 1532 1319 1570; x_wconf 84' lang='lat' dir='ltr'>plaustro</span> <span class='ocrx_word' id='word_1_180' title='bbox 1343 1531 1494 1563; x_wconf 83' lang='lat' dir='ltr'>liberavit</span> 
     </span>
    </p>
   </div>
   <div class='ocr_carea' id='block_1_33' title="bbox 958 1578 1397 1703">
    <p class='ocr_par' dir='ltr' id='par_1_35' title="bbox 958 1578 1397 1703">
     <span class='ocr_line' id='line_1_64' title="bbox 1005 1578 1332 1621; baseline 0 -11"><span class='ocrx_word' id='word_1_181' title='bbox 1005 1588 1025 1610; x_wconf 89' lang='lat' dir='ltr'>a</span> <span class='ocrx_word' id='word_1_182' title='bbox 1047 1578 1157 1610; x_wconf 86' lang='lat' dir='ltr'>mortis</span> <span class='ocrx_word' id='word_1_183' title='bbox 1182 1579 1332 1621; x_wconf 85' lang='lat' dir='ltr'>periculo,</span> 
     </span>
     <span class='ocr_line' id='line_1_65' title="bbox 958 1625 1397 1656; baseline -0.002 0"><span class='ocrx_word' id='word_1_184' title='bbox 958 1626 995 1656; x_wconf 90' lang='lat' dir='ltr'>In</span> <span class='ocrx_word' id='word_1_185' title='bbox 1022 1625 1176 1656; x_wconf 84' lang='lat' dir='ltr'>declivum</span> <span class='ocrx_word' id='word_1_186' title='bbox 1203 1625 1397 1656; x_wconf 79' lang='lat' dir='ltr'>decidentem</span> 
     </span>
     <span class='ocr_line' id='line_1_66' title="bbox 1007 1672 1352 1703; baseline 0 0"><span class='ocrx_word' id='word_1_187' title='bbox 1007 1681 1026 1703; x_wconf 87' lang='lat' dir='ltr'>a</span> <span class='ocrx_word' id='word_1_188' title='bbox 1047 1672 1157 1703; x_wconf 89' lang='lat' dir='ltr'>morti-s</span> <span class='ocrx_word' id='word_1_189' title='bbox 1184 1673 1352 1703; x_wconf 80' lang='lat' dir='ltr'>cacumine.</span> 
     </span>
    </p>
   </div>
   <div class='ocr_carea' id='block_1_34' title="bbox 923 1727 1394 1760">
    <p class='ocr_par' dir='ltr' id='par_1_36' title="bbox 923 1727 1394 1760">
     <span class='ocr_line' id='line_1_67' title="bbox 923 1727 1394 1760; baseline -0.002 -1"><span class='ocrx_word' id='word_1_190' title='bbox 923 1752 931 1759; x_wconf 83' lang='lat'>.</span> <span class='ocrx_word' id='word_1_191' title='bbox 956 1727 1034 1758; x_wconf 86' lang='lat' dir='ltr'>Eius</span> <span class='ocrx_word' id='word_1_192' title='bbox 1058 1727 1122 1759; x_wconf 83' lang='lat' dir='ltr'>fide</span> <span class='ocrx_word' id='word_1_193' title='bbox 1148 1728 1247 1759; x_wconf 86' lang='lat' dir='ltr'>virtus</span> <span class='ocrx_word' id='word_1_194' title='bbox 1274 1728 1394 1760; x_wconf 83' lang='lat' dir='ltr'>Christi</span> 
     </span>
    </p>
   </div>
   <div class='ocr_carea' id='block_1_35' title="bbox 959 1775 1442 1901">
    <p class='ocr_par' dir='ltr' id='par_1_37' title="bbox 959 1775 1442 1901">
     <span class='ocr_line' id='line_1_68' title="bbox 1003 1775 1306 1817; baseline 0.01 -13"><span class='ocrx_word' id='word_1_195' title='bbox 1003 1776 1170 1806; x_wconf 85' lang='lat' dir='ltr'>renovatur</span> <span class='ocrx_word' id='word_1_196' title='bbox 1194 1775 1306 1817; x_wconf 87' lang='lat' dir='ltr'>solida,</span> 
     </span>
     <span class='ocr_line' id='line_1_69' title="bbox 959 1820 1442 1854; baseline 0.004 -3"><span class='ocrx_word' id='word_1_197' title='bbox 959 1820 1019 1851; x_wconf 85' lang='lat' dir='ltr'>Vas</span> <span class='ocrx_word' id='word_1_198' title='bbox 1043 1822 1226 1852; x_wconf 85' lang='lat' dir='ltr'>exhaustum</span> <span class='ocrx_word' id='word_1_199' title='bbox 1251 1822 1442 1854; x_wconf 87' lang='lat' dir='ltr'>redundavit</span> 
     </span>
     <span class='ocr_line' id='line_1_70' title="bbox 1003 1867 1307 1901; baseline 0.013 -4"><span class='ocrx_word' id='word_1_200' title='bbox 1003 1867 1088 1899; x_wconf 89' lang='lat' dir='ltr'>claro</span> <span class='ocrx_word' id='word_1_201' title='bbox 1113 1868 1179 1898; x_wconf 86' lang='lat' dir='ltr'>vini</span> <span class='ocrx_word' id='word_1_202' title='bbox 1203 1869 1307 1901; x_wconf 86' lang='lat' dir='ltr'>latice.</span> 
     </span>
    </p>
   </div>
   <div class='ocr_carea' id='block_1_36' title="bbox 924 1923 1389 1956">
    <p class='ocr_par' dir='ltr' id='par_1_38' title="bbox 924 1923 1389 1956">
     <span class='ocr_line' id='line_1_71' title="bbox 924 1923 1389 1956; baseline 0.004 -2"><span class='ocrx_word' id='word_1_203' title='bbox 924 1949 930 1954; x_wconf 92' lang='lat'>.</span> <span class='ocrx_word' id='word_1_204' title='bbox 955 1923 994 1954; x_wconf 91' lang='lat' dir='ltr'>In</span> <span class='ocrx_word' id='word_1_205' title='bbox 1019 1924 1150 1954; x_wconf 87' lang='lat' dir='ltr'>virtutes</span> <span class='ocrx_word' id='word_1_206' title='bbox 1175 1924 1389 1956; x_wconf 89' lang='lat' dir='ltr'>adcrescendo</span> 
     </span>
    </p>
   </div>
   <div class='ocr_carea' id='block_1_37' title="bbox 957 1970 1426 2097">
    <p class='ocr_par' dir='ltr' id='par_1_39' title="bbox 957 1970 1426 2097">
     <span class='ocr_line' id='line_1_72' title="bbox 1004 1970 1350 2010; baseline 0.006 -10"><span class='ocrx_word' id='word_1_207' title='bbox 1004 1978 1092 2001; x_wconf 87' lang='lat' dir='ltr'>sacro</span> <span class='ocrx_word' id='word_1_208' title='bbox 1118 1970 1213 2009; x_wconf 84' lang='lat' dir='ltr'>plena</span> <span class='ocrx_word' id='word_1_209' title='bbox 1235 1971 1350 2010; x_wconf 84' lang='lat' dir='ltr'>spiritu</span> 
     </span>
     <span class='ocr_line' id='line_1_73' title="bbox 957 2015 1426 2057; baseline 0.006 -11"><span class='ocrx_word' id='word_1_210' title='bbox 957 2015 1065 2056; x_wconf 87' lang='lat' dir='ltr'>Longe</span> <span class='ocrx_word' id='word_1_211' title='bbox 1088 2025 1178 2047; x_wconf 74' lang='lat' dir='ltr'>suuni</span> <span class='ocrx_word' id='word_1_212' title='bbox 1202 2018 1426 2057; x_wconf 82' lang='lat' dir='ltr'>praecognovit</span> 
     </span>
     <span class='ocr_line' id='line_1_74' title="bbox 1003 2062 1367 2097; baseline 0.011 -5"><span class='ocrx_word' id='word_1_213' title='bbox 1003 2062 1166 2094; x_wconf 84' lang='lat' dir='ltr'>imminere</span> <span class='ocrx_word' id='word_1_214' title='bbox 1191 2065 1367 2097; x_wconf 88' lang='lat' dir='ltr'>transitum.</span> 
     </span>
    </p>
   </div>
   <div class='ocr_carea' id='block_1_38' title="bbox 1075 2146 1322 2175">
    <p class='ocr_par' dir='ltr' id='par_1_40' title="bbox 1075 2146 1322 2175">
     <span class='ocr_line' id='line_1_75' title="bbox 1075 2146 1322 2175; baseline 0.012 -3"><span class='ocrx_word' id='word_1_215' title='bbox 1075 2146 1120 2173; x_wconf 85' lang='lat' dir='ltr'>Ad</span> <span class='ocrx_word' id='word_1_216' title='bbox 1140 2146 1322 2175; x_wconf 85' lang='lat' dir='ltr'>Benedictus.</span> 
     </span>
    </p>
   </div>
   <div class='ocr_carea' id='block_1_39' title="bbox 921 2210 1339 2248">
    <p class='ocr_par' dir='ltr' id='par_1_41' title="bbox 921 2210 1339 2248">
     <span class='ocr_line' id='line_1_76' title="bbox 921 2210 1339 2248; baseline 0.01 -5"><span class='ocrx_word' id='word_1_217' title='bbox 921 2236 927 2243; x_wconf 96' lang='lat'>.</span> <span class='ocrx_word' id='word_1_218' title='bbox 956 2210 1049 2243; x_wconf 81' lang='lat' dir='ltr'>Nexu</span> <span class='ocrx_word' id='word_1_219' title='bbox 1074 2213 1176 2244; x_wconf 86' lang='lat' dir='ltr'>carnis</span> <span class='ocrx_word' id='word_1_220' title='bbox 1201 2215 1339 2248; x_wconf 88' lang='lat' dir='ltr'>resoluto</span> 
     </span>
    </p>
   </div>
   <div class='ocr_carea' id='block_1_40' title="bbox 958 2259 1448 2405">
    <p class='ocr_par' dir='ltr' id='par_1_42' title="bbox 958 2259 1448 2405">
     <span class='ocr_line' id='line_1_77' title="bbox 1003 2259 1324 2300; baseline 0.016 -11"><span class='ocrx_word' id='word_1_221' title='bbox 1003 2267 1093 2290; x_wconf 88' lang='lat' dir='ltr'>sacro</span> <span class='ocrx_word' id='word_1_222' title='bbox 1119 2259 1184 2291; x_wconf 83' lang='lat' dir='ltr'>eius</span> <span class='ocrx_word' id='word_1_223' title='bbox 1209 2262 1324 2300; x_wconf 87' lang='lat' dir='ltr'>spiritu</span> 
     </span>
     <span class='ocr_line' id='line_1_78' title="bbox 958 2305 1442 2348; baseline 0.017 -13"><span class='ocrx_word' id='word_1_224' title='bbox 958 2305 1173 2338; x_wconf 87' lang='lat' dir='ltr'>Admirandus</span> <span class='ocrx_word' id='word_1_225' title='bbox 1198 2307 1338 2348; x_wconf 85' lang='lat' dir='ltr'>fraglans</span> <span class='ocrx_word' id='word_1_226' title='bbox 1363 2311 1442 2343; x_wconf 83' lang='lat' dir='ltr'>odor</span> 
     </span>
     <span class='ocr_line' id='line_1_79' title="bbox 1004 2354 1448 2405; baseline 0.018 -22"><span class='ocrx_word' id='word_1_227' title='bbox 1004 2361 1062 2391; x_wconf 85' lang='lat' dir='ltr'>per</span> <span class='ocrx_word' id='word_1_228' title='bbox 1085 2354 1256 2399; x_wconf 85' lang='lat' dir='ltr'>longinqua</span> <span class='ocrx_word' id='word_1_229' title='bbox 1279 2358 1448 2405; x_wconf 76' lang='lat' dir='ltr'>spargitur,</span> 
     </span>
    </p>
   </div>
  </div>
 </body>
</html>
