1655 2534
697 88 947 123 -180—

219 212 225 219 .
252 185 302 217 Ab
327 185 462 217 infantia
485 185 615 217 laudare

252 232 323 264 Non
344 232 437 264 desiit
463 235 493 263 et
518 240 623 263 amare

296 278 444 311 Mirabile
468 287 579 312 nomen
605 282 701 309 tuum.

383 362 588 396 Responsoria.

218 455 224 462 ,
250 427 324 458 Fuit
347 428 378 459 in
407 427 566 459 miraculis

296 474 434 505 Moriens
458 477 488 505 et
510 474 610 510 vivus,

251 520 388 552 Mundus
413 529 432 551 a
455 520 612 559 periculis,

296 566 404 598 Castus
430 570 461 597 et
481 566 650 607 redivivus,

247 612 330 645 Dum
353 613 419 643 sine
445 613 575 643 habenis

299 658 435 690 Conatur
459 658 582 696 minari,

246 703 379 736 Ducitur
401 705 434 735 in
459 704 655 745 Nuremberg

297 751 369 782 lllic
391 751 546 789 venerari,

209 822 215 829 .
245 798 273 829 A
296 806 354 836 quo
380 798 560 837 praedictus

292 844 378 875 locus
404 852 422 875 a
445 844 578 875 Domino
597 843 789 875 benedictus.

214 923 220 929 .
247 899 364 939 Figunt
387 900 485 938 pedes
510 900 562 931 hic
584 900 731 937 iumenta,

245 943 283 977 In
309 955 404 977 arena
429 944 633 978 fundamenta

246 991 351 1033 Fiunt,
376 993 477 1032 primo
502 992 557 1024 sed
584 993 712 1034 minora,

248 1038 325 1070 Post
348 1039 425 1070 haec
448 1039 540 1079 longe
565 1040 688 1072 altiora.

208 1109 214 1116 .
248 1084 447 1116 Consuetudo
471 1085 542 1123 Dei,

293 1132 374 1170 quod
399 1139 462 1162 rem
488 1140 606 1171 parvae
630 1132 746 1171 speciei

247 1176 356 1209 Gratia
380 1177 510 1217 reficiat,

289 1232 329 1254 ne
353 1223 412 1255 sibi
431 1224 564 1257 deficiat.

213 1306 219 1312 .
244 1278 375 1311 Flumen
402 1288 532 1318 parvum
558 1280 641 1311 sicut
664 1281 787 1324 crescit-7

243 1325 293 1357 Ita
317 1329 442 1359 sanctus
465 1327 640 1369 invalescit,

246 1372 309 1405 Ubi
331 1373 454 1411 pridem
482 1373 634 1415 minimus,

243 1418 346 1450 Locus
371 1422 445 1458 post
467 1419 545 1450 haec
569 1421 731 1453 maximus.

208 1491 215 1499 ,
246 1464 298 1496 Sic
321 1466 353 1496 in
377 1469 490 1496 natura

294 1511 378 1542 Deus
405 1512 526 1543 extollit
550 1521 606 1543 sua
629 1513 708 1544 iura.

302 1650 346 1681 In
374 1652 403 1683 3.
434 1649 657 1683 Nocturno.

382 1722 574 1758 Antiphonae.

211 1814 217 1821 .
243 1789 309 1820 Iste
334 1792 459 1820 sanctus
484 1791 603 1829 absque
626 1792 748 1823 macula

246 1835 395 1867 Introivit
418 1836 620 1868 tabernacula

289 1882 395 1913 Beatis
422 1882 482 1913 Dei
503 1886 623 1922 parata.

210 1963 216 1970 .
242 1937 353 1970 Cordis
379 1937 568 1969 desiderium

289 1984 352 2016 Hic
376 1989 501 2016 sanctus
527 1988 574 2016 est
598 1987 731 2026 adeptus

244 2031 306 2063 Per
330 2031 391 2062 Dei
415 2031 578 2070 imperium

290 2077 357 2108 Nee
380 2077 473 2109 labiis
501 2079 660 2118 deceptus,

208 2158 213 2164 .
242 2133 409 2165 Generatio
436 2134 697 2175 Nurmbergensis

288 2180 445 2219 Quaerens
470 2182 529 2213 Dei
554 2181 667 2214 faciem

241 2226 410 2260 Sebaldum
435 2228 580 2260 laudibus
604 2230 763 2262 immensis

289 2273 371 2305 Colit
396 2277 428 2305 et
450 2275 482 2306 in
508 2276 605 2307 aciem

286 2320 391 2360 Elegit
416 2323 592 2361 patrocinii.

1062 181 1268 216 Responsoria.

866 239 898 271 1.
923 237 1005 268 Dum
1031 236 1223 269 transfertur
1240 245 1354 277 corpus
1371 235 1474 269 sancti

922 285 975 316 Ad
1000 284 1163 316 Scotorum
1189 284 1339 323 templum
1364 283 1456 324 tanti,

923 331 997 363 Illic
1020 331 1122 363 renuit
1144 331 1252 370 locari,

924 377 987 409 Sed
1013 386 1073 417 quo
1099 379 1187 417 prius
1214 379 1368 421 venerari,

854 425 890 458 V.
919 425 1042 456 Pluries
1068 425 1192 463 allatus,

968 472 1024 503 sed
1049 479 1109 502 nee
1132 474 1258 504 sanctus
1281 472 1326 503 ibi
1351 474 1470 512 gratus.

866 528 896 559 2.
925 527 985 558 Hic
1011 528 1083 559 dum
1111 527 1210 558 barba
1235 528 1409 570 deluditur,

921 573 1083 605 Deludens
1108 574 1294 615 percutitur,

922 620 1038 651 Oculus
1064 620 1231 660 amittitur,

921 667 1077 706 Perpetuo
1103 667 1255 699 recolitur

850 714 888 746 V.
917 714 1007 745 Iusta
1031 713 1172 746 vindicta

966 760 1061 792 iudex
1086 761 1178 799 punit
1202 759 1270 792 fere
1296 761 1390 796 dicta.

863 817 894 849 3.
920 816 958 848 In
985 815 1068 847 facto
1094 816 1313 856 exsequiarum

920 863 1031 895 Plures
1056 864 1209 895 assistunt
1232 872 1368 908 suarum,

919 909 1007 941 Inter
1032 918 1108 950 quos
1135 910 1299 942 candelam
1324 921 1428 952 unam,

920 956 1097 995 Collapsam
1110 958 1166 989 sed
1180 960 1308 995 praeter
1320 967 1468 999 prunam,

918 1002 1035 1034 Mulier
1057 1003 1166 1035 levans
1192 1004 1306 1036 devota

918 1048 972 1079 Fit
997 1059 1016 1081 a
1039 1058 1141 1089 poena
1165 1051 1254 1083 salva
1278 1055 1364 1091 tota;

848 1096 886 1128 V.
916 1094 1055 1135 Signum,
1083 1096 1213 1129 devotus

964 1144 1050 1181 quod
1072 1144 1116 1174 sit
1138 1153 1195 1183 per
1220 1144 1345 1184 singula
1368 1148 1465 1188 tome,

916 1188 961 1219 Et
981 1189 1064 1228 quod
1090 1194 1241 1229 patronus

962 1236 1005 1267 sit,
1027 1236 1099 1276 pius
1124 1237 1185 1268 iste
1211 1237 1321 1271 bonus.

1011 1358 1055 1389 In
1080 1358 1305 1392 Laudibus.

1057 1431 1250 1467 Antiphonae.

859 1495 888 1527 1.
914 1495 1073 1529 Mirabilis
1100 1501 1148 1529 est
1170 1498 1323 1532 Dominus

916 1543 1031 1574 Potens
1054 1546 1087 1574 et
1104 1544 1138 1576 in
1163 1547 1315 1590 omnibus,

915 1589 973 1627 Qui
998 1599 1056 1630 per
1079 1591 1150 1623 loca
1174 1597 1238 1623 tam
1263 1597 1385 1627 remota

914 1635 1082 1668 Hominum
1108 1639 1237 1670 exaudit
1262 1644 1344 1673 vota.

859 1691 889 1723 2.
914 1691 964 1723 De
987 1691 1121 1725 Francis
1145 1695 1271 1727 Italiam

914 1737 1042 1771 Transit
1068 1743 1100 1771 et
1120 1742 1153 1773 in
1172 1741 1369 1785 Nuremberg

912 1784 990 1817 Eius
1016 1791 1170 1820 monstrat
1193 1791 1338 1832 gratiam,

913 1831 1014 1872 Regni
1036 1833 1132 1866 fidam
1156 1835 1263 1869 filiam.

845 1888 876 1920 3.
900 1888 963 1920 Hie
987 1890 1118 1922 servivit
1140 1892 1256 1931 iugiter

960 1934 1029 1967 Deo
1053 1937 1222 1976 vigilanter

913 1980 1061 2014 Perstans
1086 1983 1290 2017 immobiliter

961 2027 1093 2060 Domino
1114 2035 1287 2070 gratanter.

844 2083 875 2115 4.
901 2083 1092 2117 Benedictus
1117 2086 1270 2120 Dominus

961 2131 998 2161 In
1025 2133 1089 2163 eius
1116 2137 1269 2175 creatura,

913 2176 1103 2210 Benedictus
1129 2184 1161 2212 et,
1185 2180 1350 2225 sebaldus,

961 2224 1026 2262 Quo
1053 2230 1165 2259 cuncta
1187 2228 1365 2270 profutura.

856 2280 886 2313 5.
913 2278 1092 2312 Laudemus
1116 2286 1298 2322 perenniter

959 2327 1077 2360 Rerum
1102 2332 1309 2375 conditorem,
