1655 2534
639 81 891 117 —225—

535 172 581 204 33.
615 173 656 204 De
679 174 787 206 sancto
809 173 963 206 Udalrico.

250 240 295 271 In
322 242 353 274 1.
379 241 598 280 Vesper-is.

299 315 344 341 Ad
363 314 542 351 Magnificat.

109 371 150 402 A.
181 370 421 410 Magnificemus
446 371 615 404 Dominum

181 418 377 458 Angelorum
405 421 437 449 et
460 418 630 460 hominum,

178 465 376 497 Venerantes
401 465 581 498 redivivum

181 511 290 544 Sancti
317 512 419 553 patris
447 515 478 544 et
503 514 639 545 votivum

225 558 373 592 Udalrici
397 560 575 602 transitum,

179 606 242 638 Per
267 615 359 645 quem
387 606 494 638 divina
518 607 621 646 gratia

182 652 356 685 Suscitavit
379 653 546 693 magnalia,

181 699 301 738 Quibus
327 699 415 731 orbis
439 700 629 740 illustratur,

180 747 225 779 Et
249 746 333 778 beati
359 749 579 785 compensatur

229 792 427 826 confessoris
453 794 610 834 meritum,

183 840 293 877 Terra,
320 848 396 879 gens
422 843 453 870 et
478 840 593 878 patria,

183 886 303 919 Cuncta
328 887 393 917 sint
416 885 541 928 felicia3

181 933 276 966 Felix
300 936 402 972 pater,
429 941 487 964 nos
513 933 627 964 exaudi

181 980 424 1019 Congaudentes
449 983 524 1011 tuae
545 980 631 1011 laudi

227 1027 271 1059 Et
292 1027 426 1066 perenni
451 1026 582 1069 gloriae,

181 1075 244 1107 Per
269 1077 301 1104 te
326 1073 395 1105 sola
419 1073 575 1105 solidetur

178 1121 223 1153 Et
249 1120 350 1152 divisa
377 1123 543 1159 reparetur

227 1167 343 1200 Unitas
370 1167 532 1199 ecclesiae.

244 1280 305 1312 Ad
330 1279 600 1311 Matutinum.

313 1354 530 1381 Invitatorium.

181 1411 313 1444 Praesul
340 1410 523 1449 Udalricus,

228 1458 332 1490 animo
360 1466 431 1488 cum
455 1466 551 1489 carne
575 1456 721 1497 pudicus,

181 1506 293 1546 Regna
317 1504 401 1536 subit
426 1505 520 1544 vitae,

231 1552 357 1586 Christo
380 1551 524 1591 iubilate,
551 1550 664 1583 venite.

243 1667 287 1698 In
315 1666 345 1697 1.
373 1665 602 1696 Nocturno.

325 1738 522 1774 Antiphonae.

149 1823 155 1829 .
183 1796 309 1829 Nobilis
334 1796 506 1836 prosapiae

228 1844 314 1876 Puer
339 1843 511 1877 Udalricus

181 1892 334 1924 Fructum
360 1890 434 1923 tulit
458 1891 580 1931 gratiae

181 1940 388 1979 Augustanae
411 1938 577 1979 Rhaetiae‚

227 1988 294 2027 Qua
321 1986 463 2018 decurrit
488 1984 625 2025 Lychus.

145 2068 152 2077 .
179 2043 382 2083 Diliugarum
409 2042 532 2074 moenia

227 2091 322 2122 Hunc
345 2090 461 2122 misere
486 2087 606 2129 florem,

184 2137 278 2170 Cuius
303 2148 324 2170 a
348 2137 521 2177 fraglantia

180 2185 339 2217 Germinis
366 2183 537 2216 Germania

228 2232 360 2264 Sacrum
384 2232 491 2263 hausit
514 2240 629 2263 rorem.

120 2292 151 2324 3.
177 2288 296 2321 Matris
321 2290 355 2321 in
379 2288 555 2320 visceribus

227 2336 378 2372 Nondum
403 2337 586 2375 seminatus,

162 2395 286 2421 Draus.
302 2394 424 2418 Historiae
437 2394 591 2423 rhythmicae.
621 2393 673 2416 VII.

862 244 966 284 Signis
992 242 1190 275 evidentibus

859 291 899 323 In
923 291 1056 322 salutem
1081 289 1226 330 gentibus

908 337 969 368 Est
991 336 1256 377 praedestinatus

804 405 836 437 4.
862 404 941 435 Tum
967 405 1119 442 paternae
1144 401 1265 442 gloriae

907 449 1007 481 Fama
1030 448 1264 489 resplendebat,

863 496 969 528 Cultui
993 496 1133 528 iustitiae

864 543 962 583 Copia
987 543 1120 575 militiae

910 590 1001 622 Votis
1027 588 1251 630 respondebat.

804 658 834 688 5.
861 656 945 688 Hinc
969 656 1113 688 Romana
1138 655 1247 686 limina

906 703 1006 734 Pater
1030 701 1173 734 visitavit

861 749 905 781 Et
930 752 1110 781 sanctorum
1135 747 1262 779 numina

863 797 960 828 Fletu
981 796 1118 827 miscens
1139 795 1257 826 lumina

912 842 1054 881 Supplex
1079 842 1230 874 exoravit.

803 909 835 940 6.
861 909 930 940 Iam
955 911 1130 946 praeventa
1153 906 1269 945 spiritu

910 954 1014 986 Vidua
1041 954 1166 992 devota,

861 1001 986 1033 Subolis
1011 1001 1126 1032 intuitu

910 1047 1048 1079 Caelitus
1074 1048 1236 1085 commota,

861 1095 981 1127 Domus
1006 1095 1038 1126 in
1064 1093 1195 1125 introitu

910 1142 1030 1174 Pandit
1051 1141 1137 1172 iusta
1159 1143 1245 1171 vota.

999 1233 1205 1269 Responsoria.

805 1303 835 1335 1.
863 1303 939 1334 Flos
965 1300 1080 1341 regalis
1104 1299 1263 1339 sanguinis

910 1348 1082 1379 Stemmate
1105 1346 1272 1386 processit,

863 1397 961 1436 Quem
985 1393 1143 1434 praecelsi
1168 1392 1296 1424 seminis

910 1442 1005 1474 Alter
1029 1440 1148 1472 Abram
1174 1439 1282 1479 gessit,

863 1489 947 1521 Fide
970 1488 1070 1528 prolis
1093 1488 1288 1518 incremento

862 1537 907 1568 Et
931 1536 1027 1575 iugali
1053 1537 1261 1572 sacramento,

792 1584 832 1617 V.
860 1584 944 1616 Nam
965 1583 999 1614 iu
1025 1581 1105 1613 Sara
1128 1579 1230 1612 fertili

914 1630 1101 1670 Theoberga
1125 1628 1198 1660 risit

862 1678 907 1710 Et
930 1678 962 1708 in
989 1679 1083 1708 Anna
1106 1675 1209 1707 sterili

912 1724 1086 1756 Samuelem
1112 1722 1208 1755 misit.

806 1793 837 1826 2.
863 1791 975 1824 Infans
999 1792 1034 1822 in
1056 1788 1211 1821 cunabulo

913 1838 1005 1870 Cives
1028 1837 1186 1877 inquietat

863 1887 905 1918 Et
931 1890 1064 1917 naturae
1088 1883 1216 1924 speculo

911 1933 1052 1974 Vagiens
1078 1930 1258 1971 prophetat⁴

863 1981 952 2020 Quod
973 1981 1006 2011 in
1030 1979 1148 2011 mundo
1172 1975 1355 2007 fiuctuante-

861 2029 908 2061 Sit
935 2037 1003 2059 cum
1025 2026 1140 2065 Moyse
1163 2024 1323 2064 plorante3

792 2075 829 2108 V.
860 2076 949 2108 Inter
973 2073 1066 2105 fletus
1089 2071 1210 2112 aspidis

911 2122 1011 2155 Ludit
1034 2120 1076 2151 ad
1099 2118 1241 2151 foramen

862 2170 974 2202 Robur
999 2176 1116 2207 augens
1142 2165 1267 2204 validis,

911 2214 1087 2256 Languidis
1113 2214 1265 2245 levamen.

806 2286 837 2319 3.
861 2283 971 2317 Lactis
996 2281 1036 2313 ab
1059 2280 1164 2312 edulio

910 2331 995 2364 Puer
1021 2331 1069 2360 est
1091 2335 1272 2368 suspensus,

1213 2381 1247 2409 15
