1655 2534
708 109 964 146 -214—

205 214 237 245 2.
261 211 358 243 Iustis
380 218 463 242 nova
484 209 541 241 lux
564 208 676 245 oritur,

310 258 416 289 Rectis
443 256 539 287 corde
561 254 692 292 laetitia,

263 306 325 337 Per
349 303 544 336 Timotheum
567 300 700 333 moritur

312 350 508 390 Sculptilium
535 347 680 386 stultitia,

267 397 377 429 Gloria
399 396 460 429 Dei
484 396 609 433 colitur,

311 444 418 475 Exosa
440 442 477 474 fit
501 442 631 473 malitia.

228 546 236 554 .
261 519 363 552 Nimis
388 519 440 550 hic
463 517 641 549 testimonia

313 566 389 598 Cum
415 564 595 605 praeceptis
621 561 791 593 custodivit

263 613 307 644 Et
330 613 413 643 omni
437 610 642 642 sanctimonia

310 660 426 691 Beatus
451 657 518 688 Deo
543 655 683 694 servivit,

262 705 389 737 Eiciens
415 703 577 736 daemonia

310 752 419 791 Iugum
443 750 570 781 Domini
593 748 719 781 subivit.

402 861 606 895 Responsoria.

236 974 242 982 .
268 948 407 986 Regnum
433 945 562 977 intravit
587 943 751 976 Britonum

271 993 452 1025 Timotheus
478 994 509 1022 et
531 991 700 1022 Dominum

315 1040 419 1071 Iesum
434 1037 592 1070 Christum
605 1036 810 1076 praedicavit,

269 1086 380 1117 Plures
411 1086 484 1117 deos
509 1083 709 1121 annullando,

272 1133 367 1165 Sacro
393 1130 480 1163 fonte
504 1129 694 1171 baptizando

318 1179 433 1210 Pebem
458 1177 525 1208 Deo
552 1176 720 1214 dedicavit,

234 1253 240 1259 .
270 1226 396 1257 Tnstans
421 1224 518 1256 sacris
543 1222 734 1262 argumentis

271 1272 362 1304 Idola
387 1279 555 1303 conversae
579 1270 680 1309 gentis

314 1319 445 1351 Penitus
472 1316 668 1356 exstirpavit.

241 1420 246 1426 ,
274 1392 425 1423 Celeriter
447 1391 551 1430 opinio

270 1438 422 1477 Beatique
445 1438 556 1477 religio

316 1485 472 1516 Timothei
495 1484 657 1515 intimatur

270 1530 368 1562 Lucio
391 1536 477 1568 tunc,
508 1538 631 1569 egregio

272 1577 359 1616 Viro,
386 1578 438 1616 qui
462 1585 549 1607 more
573 1575 658 1616 regio

320 1623 482 1655 Britannis
509 1622 736 1663 dominabatur,

234 1696 241 1702 .
272 1670 500 1708 Omnipotentis
526 1668 685 1707 famulum,

272 1716 318 1748 Ut
340 1725 415 1748 suae
436 1716 515 1756 legis
538 1715 698 1747 modulum

319 1762 485 1802 Narraret,
511 1771 567 1793 rex
594 1763 790 1801 deprecatur.

241 1862 248 1870 .
273 1837 360 1868 Nutu
386 1837 491 1869 divino
516 1837 632 1868 veritas

320 1884 412 1915 Fidei
437 1885 512 1914 tunc
537 1884 698 1925 dilatatur,

276 1931 426 1963 Caelestis
452 1938 521 1961 cum
547 1931 672 1961 claritas

323 1977 421 2009 Lucio
445 1975 674 2016 manifestatur,

276 2024 428 2064 Angelica
453 2032 542 2063 quem
567 2023 689 2063 puritas

322 2072 361 2103 In
384 2070 512 2102 somniis
536 2071 611 2102 hinc
632 2070 786 2113 hortatur,

276 2117 321 2150 Ut
344 2117 513 2150 oboediens
538 2118 652 2149 caritas

324 2165 485 2197 Timotheo
510 2164 684 2204 tribuatur;

208 2213 246 2244 V.
276 2211 438 2251 Evigilans
462 2211 580 2251 absque
604 2211 741 2243 schisma

324 2258 393 2289 Rex
418 2258 563 2290 credulus
589 2266 658 2290 esse
683 2259 796 2299 coepit,

282 2304 411 2336 Sacrum
433 2304 509 2337 fidei
534 2305 691 2346 baptisma

324 2352 403 2384 Mox
428 2362 448 2384 a
479 2355 651 2393 sanctoque
674 2353 822 2392 suscepit.

1017 201 1065 232 In
1088 198 1319 232 Laudibus.

1074 298 1268 334 Antiphonae.

879 377 909 409 1.
936 377 1053 409 Parata
1078 377 1125 406 est
1149 373 1313 406 Timotheo

982 422 1079 455 Sedes
1106 430 1175 453 cum
1200 429 1312 460 magno
1339 420 1454 451 decore

938 470 975 501 In
997 469 1102 508 caelis,
1127 467 1307 509 propinqua
1331 466 1399 498 Deo

982 515 1128 554 Domino,
1155 514 1209 554 qui
1234 522 1304 544 cum
1328 519 1435 545 amore

935 563 1053 603 Regem
1080 558 1242 603 [Lucium]
1270 569 1339 591 cum
1366 568 1401 589 eo

983 610 1045 642 Suo
1074 607 1229 640 convertit
1252 607 1292 638 ab
1319 613 1437 638 errore.

903 700 909 706 .
936 674 1053 707 Factus
1078 674 1130 705 hic
1154 673 1365 713 Ephesiorum

984 721 1117 753 Praesul
1148 728 1208 760 per
1245 718 1379 751 Paulum
1412 717 1486 749 doc-

1260 770 1361 797 torem

937 815 1034 846 Iussit
1057 822 1131 846 oves
1153 822 1341 854 pascuorum

988 861 1135 893 Adorare
1160 863 1335 892 creatorem

937 909 983 940 Et
1005 908 1038 939 in
1062 908 1209 939 laudibus
1233 907 1420 946 hymnorum

988 953 1138 986 Confiteri
1162 954 1407 993 redemptorem.

907 1046 914 1053 .
940 1020 1098 1052 Timothei
1119 1019 1226 1051 anima

988 1066 1131 1106 vigilans
1157 1066 1198 1098 ad
1223 1067 1256 1097 te
1283 1066 1323 1097 de
1342 1065 1424 1103 luce,

940 1114 1036 1152 Deua
1063 1113 1165 1144 sitivit
1187 1112 1301 1144 intima

986 1160 1104 1192 Tecum
1130 1159 1280 1191 commori
1299 1159 1334 1190 in
1360 1166 1463 1197 cruce,

941 1207 1038 1246 Quam
1064 1206 1102 1237 ob
1128 1215 1196 1238 rem
1220 1206 1316 1237 sumit
1339 1205 1477 1237 maxima

989 1253 1112 1287 Gaudia
1136 1250 1235 1297 [cum]
1255 1252 1381 1285 Christo
1399 1251 1488 1284 duce.

908 1347 915 1353 .
942 1320 1055 1352 Omnes
1079 1319 1202 1351 animae
1225 1319 1378 1350 iustorum

987 1366 1119 1405 Semper
1143 1366 1334 1398 benedicant
1356 1366 1468 1406 Deum,

945 1413 1005 1451 Qui
1031 1413 1072 1444 ad
1097 1414 1213 1452 gaudia
1236 1413 1380 1453 polorum

988 1459 1209 1491 Transtulerat
1232 1460 1441 1491 Timotheum.

912 1548 920 1556 .
943 1523 1071 1556 Laudet
1093 1524 1263 1555 Dominum
1288 1525 1329 1555 de
1353 1524 1451 1556 caelis

991 1570 1097 1603 Omnis
1123 1570 1253 1610 spiritus
1277 1571 1443 1611 iustorum,

942 1616 1033 1656 Quod
1057 1617 1107 1648 vir
1129 1617 1270 1658 prudens
1292 1621 1324 1649 et
1344 1617 1451 1650 fidelis

990 1663 1068 1697 Cum
1095 1664 1261 1696 crementis
1285 1665 1479 1697 talentorum

942 1710 1090 1742 Hostium
1114 1713 1242 1751 ereptus
1267 1712 1339 1743 telis

991 1757 1095 1790 Intrat
1118 1758 1267 1798 gaudium
1292 1760 1459 1791 caelorum.

1059 1855 1105 1883 Ad
1123 1855 1306 1884 Benedictus.

908 1957 915 1964 .
947 1931 1024 1963 Cum
1047 1931 1081 1962 iu
1105 1932 1256 1963 Pathmos
1280 1933 1415 1964 insulam

992 1977 1147 2009 Iohannes
1172 1979 1341 2019 relegatur,

947 2023 1161 2063 Ephesiorum
1184 2024 1286 2057 infula

993 2070 1175 2103 Timotheus
1200 2072 1399 2112 sublimatur,

947 2117 1029 2150 Suae
1051 2118 1155 2157 plebis
1180 2119 1325 2159 pericula

994 2164 1176 2197 Timescens
1202 2167 1427 2199 exsecrabatur

948 2211 1033 2243 Deos
1058 2213 1238 2251 spernendo
1263 2214 1360 2257 idola,

994 2257 1026 2290 A
1049 2260 1195 2299 malignis
1224 2264 1297 2301 post
1320 2265 1453 2294 necatur

950 2305 1004 2345 Et,
1030 2308 1067 2336 ut
1091 2306 1218 2339 Christo
1242 2317 1302 2347 per
1325 2310 1453 2345 saecula

998 2352 1186 2395 conregnet,
1215 2355 1315 2388 victor
1339 2357 1473 2393 levatur.
