1655 2534
212 534 237 563 1.
257 537 414 566 Achatii
435 540 465 566 et
484 540 641 567 sociorium
660 542 830 575 martyrum,
851 539 888 568 22
901 538 989 568 Iunii.
1006 540 1029 569 1*
1055 538 1115 577 [fol.
1130 539 1165 568 97
1179 538 1220 577 b].
1263 542 1341 571 Zwei
1353 544 1434 571 Anti-

131 572 247 608 phonen
267 576 471 604 unbekannter
488 577 643 605 Hei-kunst.
682 576 705 604 Α
726 577 763 605 ad
780 578 894 614 Magna

191 632 302 668 Magna
321 632 416 667 laude,
873 635 966 668 Quem
986 637 1075 668 orate,

189 669 300 703 Gaude,
320 671 435 706 plaude,
870 673 1037 707 Impetra‘ce,

188 707 332 742 Ecclesia,
352 710 423 736 ‘tot-is
443 709 565 744 viribus,
905 710 948 737 Ut
967 712 1035 745 post
1055 711 1150 738 carnis
1172 711 1306 739 exsilium

186 745 363 779 Fecundata,
868 748 961 775 Nobis
981 756 1082 783 pacem

188 783 336 811 Decorata
868 786 927 812 Det
944 793 1077 813 veracem

186 821 317 849 Millenis
336 821 521 856 martyribus,
905 822 1064 850 Aeternum
1084 826 1114 850 et
1133 825 1284 852 auxilium.

188 858 246 891 Qui
266 859 299 885 in
319 866 404 886 cruce

186 895 303 924 Christo
324 896 397 923 duee
809 897 844 924 A.
864 898 890 925 Ο
910 897 1027 931 Achati,
1047 897 1213 932 Hermolae,

221 934 364 962 vicerunt
382 935 477 961 minas
498 934 661 969 gentilium,
864 934 1015 968 Elyethes,
1035 935 1176 970 Menelae,

183 971 349 1008 Flagellati‚
369 973 456 999 morti
476 972 538 999 dati
863 972 905 999 Et
923 972 1038 1006 Albine,
1060 972 1147 1000 duces
1167 974 1265 1007 fortes,

223 1009 390 1046 Sequuntur
408 1009 467 1037 Dei
487 1009 589 1043 filium,
863 1010 1023 1045 Impetra‘ce
1042 1018 1095 1037 nos
1116 1013 1264 1038 consortes

185 1047 242 1080 Qui
261 1049 307 1074 est
328 1055 399 1074 vera
418 1047 498 1075 salus
518 1044 623 1082 [mera]
864 1048 940 1075 Esse
960 1048 1154 1083 sempiternae
1172 1048 1247 1076 lucis

222 1084 294 1120 Spes
315 1087 345 1112 et
363 1087 459 1112 rector
477 1085 642 1112 humilium.
864 1085 921 1112 Per
939 1086 1077 1112 vii‘butem
1096 1087 1211 1113 vestrae
1232 1088 1334 1114 crucis.

126 1139 166 1167 20
185 1138 248 1177 [fol.
270 1138 372 1177 1682}
411 1141 495 1169 Noch
514 1142 664 1178 folgendes
687 1139 707 1168 R
729 1142 892 1178 gleichfalls
913 1142 1133 1169 unbestimmter
1153 1141 1315 1170 Hei-kunst:

477 1199 513 1226 R,
532 1199 625 1226 Adesss
643 1199 705 1227 dies
725 1199 900 1231 veneranda,

531 1237 632 1272 Digna
650 1237 737 1264 laude
757 1236 939 1271 celebranda,

570 1275 636 1308 Qua
652 1275 802 1302 mundana
820 1274 928 1302 exsilia

564 1312 787 1340 Transcendunt
805 1313 904 1340 decem
924 1312 1015 1340 milia.

479 1350 515 1377 V.
534 1351 598 1378 Ista
617 1351 678 1378 dies
697 1351 777 1378 laeta
796 1352 983 1378 conservetur
1000 1351 1066 1377 sine
1086 1352 1172 1378 meta.

198 1431 225 1461 2.
244 1434 402 1462 Adriani
422 1436 574 1468 marim-is,
595 1433 621 1462 4.
641 1434 755 1468 Martii,
776 1432 838 1470 [fol.
863 1431 966 1469 142b].
1004 1434 1083 1461 Zwei
1104 1432 1168 1468 ΑΑ,
1189 1434 1237 1462 die
1258 1436 1340 1463 beide
1362 1435 1426 1464 dem

122 1471 256 1500 Officium
276 1472 362 1499 Anal.
382 1471 476 1506 XXV,
499 1472 550 1500 Nr.
570 1470 590 1499 4
609 1472 701 1500 fremd
721 1472 799 1500 sind:

470 1530 505 1557 A.
524 1529 579 1557 Pie
598 1531 710 1564 martyr
730 1531 759 1556 et
777 1528 914 1562 modeste,

527 1567 698 1604 Gongaudes
719 1568 829 1595 sanctis
849 1567 979 1599 honeste,

523 1607 654 1633 Amictus
676 1602 733 1642 [es]
752 1605 822 1633 alba
839 1607 922 1633 veste

561 1644 719 1679 Nunquam
738 1643 921 1680 transitori05

523 1682 584 1710 Nos
605 1682 751 1718 supplices
772 1680 925 1709 laudantes
946 1683 976 1707 te

524 1719 683 1747 Conserves
705 1720 741 1747 ab
763 1719 842 1747 omni
862 1722 945 1755 peste

522 1757 564 1785 Et
583 1758 725 1793 perducas
746 1757 784 1785 ad
803 1757 928 1785 caeleste

561 1795 651 1824 Iubar
670 1803 758 1824 verae
777 1795 898 1831 gloriae.

464 1873 498 1900 A.
519 1872 627 1909 Magne
645 1874 756 1907 martyr
774 1871 912 1904 Adriane,

522 1911 592 1939 Flos
615 1910 798 1945 Graecorum,
821 1910 892 1937 odor
911 1909 1037 1945 Galliae,

520 1950 663 1985 Detergat
681 1950 784 1977 nostra
802 1948 928 1975 crimina

520 1988 586 2016 Tua
604 1988 715 2015 cruoris
735 1994 873 2023 purpura,

519 2027 562 2054 Ut
581 2025 677 2053 Deum
695 2028 798 2054 nostra
818 2026 917 2052 anima

519 2063 690 2100 Magnificet
708 2071 760 2099 per
779 2062 907 2091 saecula.

187 2148 215 2179 3.
234 2150 393 2187 Agricii,
414 2151 546 2187 episcopi
558 2148 742 2178 Trevirensis
763 2150 793 2176 et
813 2147 997 2178 confessoris,
1024 2143 1066 2173 13.
1081 2145 1143 2173 Ian.
1157 2142 1219 2181 [fol.
1234 2143 1317 2182 58aj.
1347 2147 1418 2182 Inv.,

112 2188 132 2216 A
157 2189 195 2216 ad
213 2189 312 2225 Magn.
336 2190 368 2217 in
394 2187 417 2216 1.
443 2189 541 2223 Vesp.‚
563 2187 582 2214 Α
610 2188 647 2215 ad
670 2187 771 2222 Magn.
797 2187 830 2213 in
854 2183 880 2213 2.
906 2185 1005 2220 Vesp„
1034 2182 1055 2209 Α
1083 2183 1120 2211 ad
1140 2184 1248 2212 Bened.
1276 2192 1328 2212 aus
1355 2185 1420 2213 dem

111 2226 246 2254 Officium
265 2226 352 2255 Anal.
371 2226 455 2261 XIII,
474 2226 526 2254 ΝΥ.
547 2224 574 2253 5.

186 2310 214 2340 4.
235 2313 366 2342 Alardi
380 2313 506 2346 abbatis,
520 2311 547 2340 2.
558 2312 621 2340 Ian.
634 2309 695 2348 [fol.
706 2309 761 2340 237
771 2308 809 2347 a].
839 2309 988 2347 Folgende
997 2309 1097 2343 Vei-se,
1113 2308 1160 2336 die
1171 2309 1263 2337 einem
1276 2309 1418 2344 Officium,

112 2352 160 2380 die
188 2352 257 2380 aber
283 2350 355 2379 auch
384 2352 465 2381 einer
485 2350 618 2387 Sequcnz
639 2350 708 2379 oder
728 2347 824 2378 ei'nem
843 2348 979 2397 Eymnus
1000 2349 1184 2375 entnommen
1204 2349 1267 2375 sein
1286 2347 1418 2376 kfinnen:
