1655 2534
663 112 918 148 -287—

217 205 263 235 31.
284 208 435 241 Basini,
452 209 582 244 episcopi
597 211 627 236 et
639 209 823 241 confessoris,
840 210 906 237 Kal.
921 209 987 237 Jan.
1005 205 1063 243 [fol.
1076 205 1159 244 6212}
1188 207 1269 235 Alles
1280 207 1439 243 prosaisch.

139 246 195 273 Am
218 246 332 274 Raude:
354 246 378 274 O
401 247 517 281 praesul
538 246 721 275 admirabilis
742 249 795 274 etc.
815 249 871 275 wie
892 248 966 275 oben
985 247 1034 274 bei
1055 246 1235 274 Ambrosius.

216 318 262 348 32,
282 321 425 354 Basini‚
447 322 577 356 episcopi
597 323 627 348 et
646 322 829 355 confessoris,
850 321 877 350 4.
896 322 1008 349 Martii.
1028 319 1090 358 [fol.
1114 317 1215 356 14210}
1249 321 1312 348 Nur
1333 321 1397 347 eine
1419 319 1438 345 Α

139 358 316 395 ungewisser
335 358 499 386 Herkunft:

540 425 574 452 A.
596 425 691 458 Salve,
713 425 830 460 praesul
850 427 912 454 Deo
934 426 1021 462 digne

596 464 682 491 Basis
703 463 815 499 templi,
837 473 853 491 o
874 464 990 497 Basine,

598 501 697 529 Funde
716 509 816 537 preces
839 502 971 534 creatori,

595 539 703 567 Nostro
727 540 829 575 parcat
847 542 881 566 ut
900 539 990 566 errori

635 577 670 605 In
690 577 747 604 hac
765 577 829 603 vita
847 578 962 604 misera.

219 649 265 680 33.
286 652 394 680 Beati
409 653 581 687 presbyteri,
601 649 648 678 26.
664 652 748 686 Julii,
763 649 823 687 [fol.
841 649 894 680 180
903 649 941 687 a].
975 651 1053 679 Zwei
1067 650 1116 684 ΑΑ,
1131 651 1186 677 wie
1201 659 1231 678 es
1249 650 1368 682 scheint,
1390 658 1443 677 aus

144 691 239 718 einem
259 689 401 724 Officium,
424 689 493 717 aber
514 689 658 717 entlehnt:

142 757 176 783 A.
197 757 307 792 Magna
327 759 356 784 te
375 757 470 783 Deum
491 756 606 783 cantica
822 757 857 783 A.
877 756 900 784 O
921 757 1021 782 sancte
1040 757 1123 791 pater
1143 755 1241 788 Beate,

203 794 290 822 Clara
311 794 414 821 decent
433 802 484 829 per
505 795 611 828 omnia,
881 794 942 820 Nos
963 801 982 819 a
1000 793 1100 820 mundi
1119 792 1227 819 munda
1249 792 1343 825 sorde,

203 832 294 859 Cuius
314 833 424 858 virtute
444 830 581 859 dexterae
920 830 1009 857 Aufer
1029 830 1209 863 offendicula,

201 868 460 903 Sanctusffleatus)
468 868 639 903 splendetin
648 868 779 902 aethere3
880 869 960 896 Inter
980 867 1078 895 hostes
1097 868 1148 894 via
1168 870 1232 894 tuta

198 907 273 934 Eius
293 915 356 939 nos,
377 906 453 939 Iesu,
474 906 609 941 precibus
881 904 984 932 Deduc
1003 913 1056 932 nos
1079 902 1162 940 [iam]
1183 904 1312 932 resquta

199 945 317 972 Peccafi
338 943 420 971 solve
439 944 573 971 nexibus.
920 942 1109 969 Peccator-um
1129 942 1245 969 nebula.

218 1017 265 1047 34.
286 1018 501 1052 Benedicti,
530 1019 645 1046 abbatis
671 1021 701 1046 et
724 1018 915 1052 confessoris,
942 1015 981 1044 1⁰
1005 1014 1051 1045 21.
1078 1018 1188 1049 Martii,
1217 1015 1275 1053 [fol.
1303 1014 1383 1052 95a].
1423 1015 1444 1042 Α

143 1058 180 1085 ad
198 1057 298 1093 Magn.
319 1056 379 1084 und
398 1056 487 1083 Iuvit.
508 1064 560 1083 aus
583 1056 648 1083 dem
668 1055 804 1083 Officium
824 1056 908 1083 Anal.
929 1054 1021 1087 XXV,
1042 1055 1092 1083 Nr.
1116 1051 1178 1081 145.

234 1093 272 1121 2⁰
293 1093 336 1122 11.
357 1094 432 1122 Julii
454 1091 515 1130 [fol.
540 1092 592 1121 175
603 1090 641 1129 b]⁷
663 1094 795 1121 translat.
836 1094 914 1121 chi
934 1091 977 1118 ΑΑ
998 1092 1200 1120 unbekannter
1221 1092 1382 1120 Herkunft:

532 1160 567 1187 A.
588 1160 658 1193 Ave,
680 1162 762 1196 pater
781 1160 946 1193 Benedicta,

579 1197 790 1225 Monachomm
810 1197 868 1225 dux
888 1198 1005 1228 invicte,

617 1236 690 1263 Tuis
710 1244 763 1263 nos
786 1235 931 1271 suffragiis

580 1274 642 1300 Deo
663 1275 748 1301 notos
767 1273 814 1300 fac
834 1276 863 1301 et
882 1275 980 1309 gratos

582 1311 626 1338 Ac
644 1312 804 1339 monastice
824 1312 962 1347 probatos

620 1349 707 1377 Vitae
726 1349 913 1376 testimoniis.

533 1407 568 1434 A.
588 1406 780 1434 Sanctissime
800 1405 965 1437 Benedicte,

582 1444 712 1480 Egregie
732 1443 790 1470 dux
810 1444 927 1478 invicte,

581 1482 695 1509 Perduc
715 1490 767 1508 nos
789 1480 825 1508 ad
844 1482 925 1508 viam
944 1482 1062 1513 rectam,

581 1519 626 1547 Ad
646 1520 795 1556 regionem
816 1519 945 1546 electam.

221 1595 265 1625 35.
286 1597 459 1633 Benigni,
481 1597 611 1633 episcopi
631 1598 660 1624 et
679 1596 824 1630 martyris,
848 1593 872 1622 1.
893 1595 967 1622 Nov.
989 1591 1050 1629 [fol.
1073 1591 1158 1630 6412}
1193 1594 1253 1622 Aus
1277 1594 1371 1621 einem
1392 1603 1450 1622 von

143 1636 228 1664 Anal.
248 1635 359 1668 XVIII,
380 1635 431 1662 ΝΥ.
457 1633 492 1663 13
511 1634 740 1662 verschiedenen
762 1632 910 1661 Officium:

328 1702 392 1729 InV.
413 1700 553 1736 Martyris
575 1702 685 1737 egregii
704 1700 864 1728 recolentes
884 1700 961 1727 festa
979 1698 1105 1735 Benigni

415 1739 581 1767 Psallamus
607 1738 731 1773 Christo,
754 1746 840 1773 quem
860 1738 942 1765 decet
962 1739 1056 1765 omnis
1075 1737 1177 1765 honor.

364 1797 399 1824 R.
421 1795 527 1824 Sancte
547 1796 687 1832 Benigne,
709 1796 819 1824 Christi
839 1797 957 1830 martyr,

417 1834 493 1862 Audi
513 1837 650 1870 rogantes
671 1833 803 1861 servulos
825 1836 877 1862 etc.

144 1894 192 1921 Da
211 1893 274 1921 dies
290 1891 310 1919 R
333 1893 387 1920 auf
402 1892 534 1920 zahllose
547 1891 667 1928 Heilige
687 1893 842 1919 verwertet
861 1891 948 1925 ward,
970 1890 1065 1918 bleibt
1085 1898 1115 1917 es
1136 1889 1319 1923 zweffelhaft,
1342 1888 1378 1916 ob
1400 1889 1449 1916 ein

144 1931 358 1961 Reimofficium
377 1930 511 1967 vorlieg-t.

220 2006 267 2037 36.
292 2007 491 2037 Berlindis
511 2008 647 2043 virginis,
666 2007 769 2035 Idibus
788 2006 868 2042 Sept.
889 2003 950 2043 [ἰοὶ
971 2003 1075 2042 23912}

379 2076 403 2104 Ο
425 2076 477 2111 pia
496 2074 647 2103 Berlendis
668 2075 754 2102 nobis
774 2074 879 2101 insiste
898 2072 1023 2105 tuendis,

377 2113 441 2141 Iam
462 2113 648 2149 assumpsisti
669 2111 821 2148 sponsalia
841 2111 939 2138 dulcia
959 2109 1078 2144 Christi,

379 2151 488 2180 Inclita
507 2158 617 2187 sponsa
635 2152 700 2183 Dei,
726 2157 835 2177 memor
856 2151 916 2176 esto
939 2156 990 2183 per
1012 2147 1111 2175 omnia
1131 2147 1233 2181 nostri,

380 2189 423 2218 Ut
441 2191 494 2219 tua
510 2190 642 2225 precatio
664 2190 704 2217 sit
723 2187 886 2215 consolatio
908 2188 1017 2214 nostra.

379 2227 489 2258 Sancta
508 2228 574 2262 Dei,
597 2227 731 2255 tenebras
752 2225 874 2261 dignare
894 2223 1036 2260 repellere
1056 2225 1172 2251 nostras

378 2266 540 2300 Acquirens
561 2265 646 2293 nobis
668 2267 805 2293 aeternae
824 2263 932 2301 gaudia
952 2262 1038 2289 lucis.

221 2339 268 2370 37.
289 2342 555 2375 Bernhardini,
580 2341 690 2369 ordinis
711 2341 867 2375 Minoi-um,
890 2337 935 2366 20.
951 2338 1033 2373 Maii,
1057 2336 1116 2374 [fol.
1134 2334 1186 2365 106
1195 2335 1234 2374 a].
1265 2337 1414 2373 Folgende
1429 2333 1451 2361 Α

145 2381 216 2410 oder
233 2380 323 2408 Iuvit,
346 2377 386 2416 [2]
406 2380 610 2411 unbekannter
628 2378 792 2408 Hei-kunst:
