1655 2534
662 113 895 149 -61-

575 206 622 239 21.
651 204 695 236 De
715 207 821 238 sancto
840 206 986 238 Materno.

268 284 312 316 In
341 284 372 316 1.
398 284 619 324 Vesperis.

347 367 542 403 Antiphonae.

171 461 177 466 .
202 433 391 466 Recolamus
416 435 532 475 gaudia

251 481 417 514 Laudibus
441 485 474 514 et
498 483 579 514 votis

204 528 268 560 Pro
292 528 433 561 Materni
458 529 570 570 gloria,

252 575 373 607 Christi
399 577 585 609 sacerdotis.

167 666 173 671 .
201 640 302 672 Annis
330 641 382 673 hic
405 641 560 675 infantiae

249 688 418 720 Dominum
444 688 605 722 confessus

202 734 344 775 Simplex
368 736 567 769 innocentiae

250 783 342 814 Viam
367 784 416 814 est
439 783 610 823 ingressus,

169 873 176 881 .
201 846 369 879 Trinitatis
392 849 514 881 nomini

249 894 370 934 Spiritu
391 899 530 935 renatus,

202 942 241 973 1n
265 942 424 974 mandatis
448 942 576 974 Domini

250 988 339 1020 Vixit
362 990 413 1021 vir
437 989 557 1021 beatus.

172 1078 180 1085 .
206 1053 360 1093 Princeps
387 1062 457 1085 cum
479 1055 679 1096 principibus

254 1101 368 1141 Populi
393 1101 522 1141 electus,

206 1146 261 1179 Fit
284 1157 304 1179 a
329 1148 423 1179 Petro
447 1148 592 1188 gentibus

254 1195 378 1227 Galliae
403 1194 553 1228 directus,

171 1287 178 1294 .
205 1261 348 1294 Pretiosa
374 1261 520 1301 primitus

254 1308 361 1340 Morte
386 1309 554 1348 resolutus,

205 1354 306 1387 Sociis
332 1357 380 1386 est
403 1355 548 1388 redditus

255 1402 348 1434 Vitae
372 1403 547 1436 restitutus,

167 1494 172 1500 .
205 1467 351 1500 Gaudeat
375 1469 455 1500 haec
481 1469 584 1501 contio

206 1515 334 1548 Celebri
359 1515 523 1547 sollemnio

250 1563 394 1594 Praesuli
417 1563 574 1607 Materno,

204 1609 298 1643 Cuius
324 1610 500 1642 ministerio

205 1655 323 1689 Nostra
347 1656 414 1697 regi
438 1657 524 1698 regio

252 1703 406 1736 Subditur
430 1707 571 1747 aeterno,

165 1775 171 1782 .
202 1750 304 1783 Huius
329 1751 514 1783 intercessio

204 1797 270 1830 Nos
296 1801 402 1830 servet
424 1807 445 1830 a
469 1798 546 1830 vitio

249 1845 294 1877 Et
318 1845 409 1877 hoste
431 1848 571 1879 veterno.

320 1929 365 1957 Ad
384 1929 563 1966 Magnificat.

164 2024 171 2032 .
201 1997 387 2038 Magnificat
410 1997 579 2030 Dominum

204 2046 299 2079 Plebs
324 2044 429 2077 fidelis
455 2045 615 2077 hominum

249 2093 311 2125 His
334 2092 478 2124 Materni
501 2090 603 2129 festis,

202 2141 263 2181 Qui
287 2140 416 2173 luminis
441 2139 603 2179 luminum,

200 2188 387 2228 Purgatoris
411 2187 586 2226 criminum,

250 2237 353 2269 Verus
379 2234 469 2267 fulsit
492 2235 593 2273 testis,

202 2284 256 2317 Ad
279 2291 369 2324 quem
395 2285 469 2323 post
492 2283 576 2314 hunc
592 2283 758 2314 terminum

204 2332 271 2364 Nos
297 2340 317 2363 a
341 2331 418 2363 viris
443 2330 628 2370 sanguinum

248 2378 356 2410 Ducat
380 2387 437 2411 rex
462 2378 618 2411 caelestis.

951 286 1011 318 Ad
1036 285 1299 319 Matutinum.

1012 368 1227 397 Invita-terium.

884 434 1003 467 Iubilet
1027 436 1161 467 ecclesia

932 482 1012 522 Regi
1036 483 1238 523 sempiterno,

884 529 942 568 Qui
968 537 1042 560 vera
1068 529 1124 561 dat
1150 530 1267 569 gaudia

930 576 1075 607 Praesuli
1096 575 1257 608 Materno.

950 688 995 720 In
1022 688 1053 721 1.
1078 687 1302 722 Nocturno.

1030 771 1224 807 Antiphonae.

850 861 858 868 .
883 837 1059 876 Maternae,
1084 846 1140 869 vas
1165 823 1297 878 gratiae,

932 883 990 914 Vir
1015 883 1136 923 beatus,
1162 885 1291 924 probus,

883 929 1025 961 Mittitur
1050 929 1242 961 Germaniae

932 975 1016 1007 Viris
1043 984 1112 1007 cum
1139 976 1270 1009 duobus.

853 1067 861 1075 .
885 1039 1095 1073 Praedicator
1118 1041 1245 1072 inclitus

931 1087 1027 1120 Petro
1054 1088 1240 1120 constitutus

884 1135 1070 1174 Disciplinis
1097 1135 1229 1167 caelitus

932 1182 1038 1214 Sacris
1063 1185 1111 1213 est
1134 1182 1284 1215 imbutus,

851 1271 858 1279 .
885 1247 999 1279 Somno
1024 1247 1134 1279 mortis
1162 1248 1319 1280 dormiens

932 1294 1031 1326 Vivus
1055 1294 1240 1336 resurrexit,

885 1341 1039 1373 Dominus
1065 1341 1236 1373 exaudiens

935 1387 1067 1420 Sanctos
1091 1389 1175 1420 hunc
1195 1389 1305 1421 erexit.

1022 1471 1230 1507 Responsum.

851 1565 857 1573 .
886 1538 1035 1570 Treveris
1062 1542 1093 1570 et
1118 1538 1250 1571 Colonia

886 1585 1056 1618 Celebrent
1080 1595 1150 1618 cum
1176 1587 1308 1619 Octavia

885 1632 940 1664 Sui
964 1633 1102 1672 pastoris
1128 1632 1254 1675 gaudia,

884 1680 1024 1712 Materni
1050 1680 1206 1721 natalitia,

846 1752 853 1759 .
883 1727 1036 1759 Omnibus
1059 1728 1139 1759 haee
1161 1727 1253 1759 melis

932 1775 1054 1806 recolat
1074 1774 1167 1814 plebs
1192 1774 1275 1807 festa
1299 1773 1413 1807 fidelis.

852 1864 859 1873 ,
886 1839 979 1871 Felix
1005 1841 1092 1873 Petri
1118 1840 1301 1882 discipulus,

884 1888 1060 1927 Maternus,
1087 1887 1151 1920 fide
1177 1888 1333 1929 credulus,

888 1933 981 1966 Cuius
1008 1935 1161 1966 doctrinis
1186 1936 1322 1975 populus

886 1980 1012 2013 Christo
1038 1982 1141 2014 credit
1164 1982 1366 2022 incredulus;

847 2055 854 2062 .
885 2029 1005 2060 Praeco
1030 2028 1240 2067 redemptoris

933 2073 992 2106 fuit
1015 2076 1085 2118 iste,
1113 2083 1228 2107 corona
1254 2076 1389 2109 decoris.

854 2165 861 2173 .
887 2141 940 2172 Ad
965 2139 1060 2173 fidem
1086 2141 1199 2172 Petrus
1224 2141 1360 2181 gentium

885 2187 966 2219 Tres
991 2187 1129 2228 ordinat,
1154 2188 1357 2229 Eucharium,

887 2235 1068 2266 Maternum
1094 2238 1125 2266 et
1148 2235 1319 2276 Valerium,

891 2282 928 2314 In
955 2282 1043 2314 verbi
1067 2282 1285 2323 ministerium,

822 2330 859 2363 V.
890 2328 1002 2371 Gallis,
1030 2328 1194 2362 Germanis

939 2375 1057 2409 Christi
1082 2378 1137 2410 dat
1162 2379 1245 2411 dona
1262 2379 1416 2419 profanis.
