1655 2534
328 180 375 215 In
402 184 432 215 1.
457 182 684 214 Nocturno.

411 275 603 311 Antiphonae.

239 377 246 385 .
273 354 310 386 In
335 360 476 391 ingressu
500 350 623 382 Mariae

271 400 320 432 De
342 398 489 431 vitiorum
510 396 658 428 barbaric

272 445 372 478 Facta
393 446 441 476 est
465 442 618 475 confessio

270 492 347 524 Eius
372 490 587 527 sanctificatio,

271 539 360 571 Haec
383 540 433 569 est
456 537 605 569 dexterae

270 585 329 617 Dei
352 583 492 615 mutatio.

223 684 244 699 J.
272 665 357 703 Quae
380 665 462 694 vitae
486 660 600 693 veteris

317 709 423 741 tunica
448 708 520 739 dum
544 716 578 738 se
601 704 758 746 spoliavit,

272 755 407 788 Caelesti
429 763 543 795 sponso

317 802 486 834 thalamum
502 810 582 833 nova
594 808 710 841 sponsa
722 807 814 838 para-

592 848 646 879 vit.

239 954 246 962 .
272 931 339 962 Ista
363 931 396 960 in
421 927 618 960 Hierusalem

272 975 357 1008 Filia
380 974 577 1006 Hierusalem

272 1022 317 1054 Et
337 1027 373 1053 in
396 1022 512 1061 templo
538 1019 663 1052 Domini

272 1067 326 1101 Fit
351 1067 498 1106 templum
524 1068 664 1098 sanctum
680 1064 816 1096 Domini.

407 1193 610 1227 Responsoria.

242 1297 249 1305 .
275 1273 407 1305 Beatum
433 1272 532 1306 virum
556 1271 710 1304 Zosimam

272 1320 358 1352 Deus
382 1319 423 1351 ad
448 1328 536 1351 suam
560 1318 691 1359 gloriam

277 1365 518 1407 Declarandam,
541 1373 620 1405 quae
641 1365 744 1406 latuit,

277 1412 403 1445 Mutare
426 1413 528 1444 locum
552 1411 652 1443 voluit
659 1422 667 1454 ;

240 1483 247 1490 .
276 1460 437 1492 secretum
463 1457 547 1498 reyis
580 1458 680 1490 celare
701 1458 821 1490 bomem

277 1506 332 1546 est,
346 1505 485 1545 §loriam
493 1504 557 1536 Dei
568 1504 709 1536 revelare
721 1504 819 1537 hono-

275 1551 412 1592 rificwm.

244 1659 250 1665 .
279 1636 415 1675 Cumque
438 1638 527 1666 iuxta
551 1642 700 1666 canonem

281 1681 417 1714 Claustri
440 1690 498 1722 per
520 1681 721 1714 solitudinem

277 1729 346 1760 Iret
368 1729 484 1759 statuto
508 1731 659 1768 tempore,

279 1774 369 1807 Vidit
392 1774 535 1814 angelum
558 1774 592 1805 in
615 1783 762 1814 corpore3

243 1846 250 1854 .
280 1821 417 1853 Emicuit
440 1829 561 1861 gemma

328 1868 434 1900 David
459 1876 613 1900 exornans
640 1867 792 1901 diadema.

247 1976 255 1985 .
280 1952 385 1985 Maria
405 1961 467 1985 non
491 1960 625 1992 parcens
650 1952 698 1984 ori

282 1999 397 2032 Sancto
420 1999 534 2038 pandit
554 1998 670 2030 seniori

279 2046 401 2085 Lapsus
426 2046 509 2077 vitae
531 2045 694 2085 pristinae,

280 2094 397 2125 Pressa
420 2092 544 2133 pridem
568 2101 606 2124 ac
631 2093 780 2132 depressa

282 2140 487 2171 Peccatorum
507 2140 658 2179 pondere,

283 2187 361 2218 Post
383 2187 497 2224 levata,
522 2186 660 2227 levigata

284 2232 403 2272 Corpus
425 2233 524 2265 librat
545 2233 578 2264 in
602 2242 685 2265 aere.

211 2280 251 2314 V.
281 2279 497 2319 Suspendtum
515 2279 600 2312 enim
612 2280 703 2321 eieyz't
715 2280 829 2315 amma

283 2326 349 2358 eius
374 2328 403 2358 et
424 2329 558 2359 mortem
581 2336 655 2360 ossa·
679 2327 757 2360 etus.

999 175 1047 206 In
1073 176 1103 207 2.
1131 173 1361 205 Nocturno.

1085 265 1278 299 Antiphonae.

909 372 915 378 .
942 345 1052 378 Posuit
1074 343 1228 376 Dominus

941 393 1110 424 Desertum
1132 390 1168 422 in
1192 390 1334 430 delicias,

944 439 1033 471 Sicut
1056 437 1214 469 veridicus

943 484 1110 517 Praedixit
1132 484 1243 524 Isaias,

942 531 1025 563 Dum
1047 530 1184 563 Mariam
1207 529 1401 570 Aegyptiam

941 577 1117 609 Illustravit
1141 585 1200 616 per
1223 576 1368 617 gratiam.

910 660 917 666 .
945 634 1015 665 Non
1042 633 1103 665 crit
1126 632 1262 672 amplius
1289 633 1432 665 desolata

943 680 1013 712 Nec
1036 679 1200 712 vocabitur

990 727 1075 760 ultra
1100 727 1261 766 derelicta,

944 774 1030 813 Quae
1053 774 1199 806 adhaesit
1221 773 1357 806 Domino

944 821 1049 854 Corde
1070 819 1215 860 perfecto

990 867 1117 908 fideque
1139 877 1202 899 non
1226 866 1310 899 ficta.

912 951 918 958 .
943 924 1115 965 Elongavit
1139 922 1262 964 fugiens

943 971 989 1003 Et
1010 971 1126 1004 mansit

991 1017 1026 1050 in
1050 1017 1146 1049 eremi
1170 1017 1319 1050 vastitate

944 1065 1142 1104 Exspectans
1165 1064 1334 1097 Dominum

946 1111 1004 1151 Qui
1028 1111 1164 1144 salvavit

992 1167 1062 1190 eam
1082 1161 1283 1198 tempestate.

1085 1262 1290 1296 Responsoria.

914 1353 921 1360 .
946 1328 1137 1360 Benedictus

993 1378 1084 1414 pater
1109 1374 1407 1417 misericordiarum,

947 1422 1006 1460 Qui
1030 1421 1163 1453 salutem

994 1471 1145 1508 procurat
1166 1467 1351 1509 animarum,

947 1515 1010 1547 Per
1036 1523 1128 1554 quem
1150 1523 1208 1547 vas
1233 1516 1442 1547 contumeliae

948 1562 1005 1594 Fit
1027 1570 1084 1593 vas
1107 1561 1363 1601 misericordiae3

911 1632 917 1639 .
950 1608 1141 1640 Benedictus
1165 1608 1252 1640 Deus

994 1655 1091 1686 totius
1117 1655 1350 1698 consolationis,

950 1702 1009 1741 Qui
1036 1710 1124 1733 suam
1149 1701 1299 1734 famulam

995 1749 1132 1787 replevit
1153 1749 1376 1781 charismatum
1400 1750 1500 1782 donis.

917 1829 925 1836 .
951 1805 1036 1844 Quae
1061 1806 1240 1846 conscripta
1256 1806 1404 1845 pactione
1418 1806 1505 1838 bona.

952 1852 1065 1884 Coram
1087 1852 1149 1884 Dei
1170 1852 1339 1892 genetricis
1361 1852 1457 1885 icona

951 1898 1093 1931 Adorato
1119 1900 1204 1939 ligno
1229 1901 1359 1931 sanctae
1383 1900 1486 1932 crucis

952 1944 1072 1984 Dirigit
1093 1946 1191 1984 pedes
1214 1947 1247 1977 in
1271 1946 1355 1978 viam
1380 1947 1503 1979 salutis.

912 2015 920 2022 .
949 1991 1054 2031 Quam
1093 1991 1225 2031 pulchri
1262 1994 1340 2025 sunt
1378 2002 1505 2033 =(massus

952 2038 1002 2090 tui
1014 2038 1058 2091 'in
1074 2038 1300 2082 calciamentis,
1327 2039 1399 2079 filia
1414 2040 1505 2080 prin-

954 2093 1047 2128 czpzs.

923 2166 929 2173 .
955 2140 1087 2172 Vultum
1109 2141 1221 2174 lavans
1244 2142 1279 2174 in
1301 2143 1441 2177 Iordane

956 2186 1160 2220 Gonfortatur
1185 2188 1304 2222 Christi
1327 2199 1420 2230 pane,

955 2234 1064 2274 Pergit
1086 2234 1178 2277 bene,
1205 2237 1305 2268 currit
1328 2239 1397 2269 tute

955 2282 994 2313 ln
1017 2281 1167 2314 virtutem
1193 2283 1233 2315 de
1255 2284 1384 2325 virtute,

1001 2327 1130 2361 Transit
1153 2329 1213 2362 hoc
1237 2331 1360 2372 edulio3
