1655 2534
707 126 963 160 —222—

617 216 664 247 82.
683 217 727 248 De
746 217 853 247 saneto
874 215 1056 248 Trndberto.

327 285 373 316 In
398 285 427 317 1.
456 286 675 324 Vesperis.

379 358 424 386 Ad
443 357 621 395 Magnifieat.

268 416 293 448 O
315 413 374 447 flos
400 416 553 457 caelestis,

312 471 330 493 o
356 462 475 496 Christi
498 463 666 502 splendide
690 463 791 504 testis,

266 509 325 548 Qui
350 517 462 541 vernas
487 518 577 542 roseo

310 564 368 595 per
392 556 499 588 sidera
524 556 608 588 celsa
631 558 771 597 tropaeo,

265 603 378 634 Annue
400 611 561 635 servorum

306 650 463 690 precibus,
474 649 663 690 Trudberte‚
670 653 805 694 tuorum,

264 697 310 729 Ut
332 705 399 736 nos,
426 698 480 736 qui
502 697 577 728 totis

310 743 437 774 colimus
462 747 516 775 tua
540 744 654 783 gaudia
678 744 769 783 votis,

261 790 337 822 Ores
361 791 394 821 in
419 791 576 822 saeculum

307 837 444 875 gaudere
468 846 526 877 per
547 837 677 869 aethera
691 840 805 870 tecum.

323 939 383 970 Ad
406 938 671 972 Matutinum.

393 1012 605 1039 Invitatorium.

261 1067 423 1099 Laudibus
447 1068 603 1101 insomnes

311 1114 474 1154 vigilemus
498 1116 645 1147 alacriter
669 1125 785 1156 omnes,

262 1160 355 1191 Dulei
382 1161 541 1193 dulcisono

310 1208 505 1240 modulantes
534 1217 588 1240 ore
614 1208 804 1243 Trudberto.

320 1310 364 1341 In
391 1311 421 1343 1.
447 1310 675 1345 Nocturno.

400 1383 592 1419 Antiphonae.

223 1463 231 1470 .
258 1440 303 1473 Ut
323 1438 456 1471 fructum
475 1441 565 1473 daret
577 1438 638 1484 (in)
652 1443 802 1483 tempore,

265 1486 322 1517 Vir
346 1487 410 1518 alto
435 1491 526 1519 natus
551 1495 665 1528 genere

259 1532 385 1563 Patrem
408 1533 501 1572 liquit
525 1542 594 1565 cum
617 1534 732 1573 patria,

262 1578 349 1611 Caeli
373 1581 535 1618 requirens
561 1580 651 1612 atria.

227 1660 232 1666 .
258 1634 330 1665 Non
354 1635 508 1667 meditans
531 1635 638 1667 inania

259 1680 455 1712 Trudbertus
481 1691 519 1713 ex
543 1682 698 1714 Hibernia

263 1727 340 1759 Cum
365 1727 463 1761 fratre
487 1729 619 1760 Romam
644 1729 766 1761 exsulat

259 1773 301 1805 Et
329 1774 411 1806 dona
434 1774 495 1807 Dei
518 1776 665 1814 postulat.

224 1855 230 1861 .
258 1830 331 1862 Cum
341 1831 490 1863 clamavit
495 1828 575 1875 (hie)
583 1831 800 1874 adDominum,

260 1874 338 1919 (Ex)
353 1877 475 1909 audivit
500 1876 601 1910 factor
624 1878 781 1911 hominum

257 1923 300 1955 Et
326 1924 395 1962 pios
420 1923 535 1955 fratres
561 1926 681 1964 edocet,

258 1969 322 2002 Ubi
346 1979 380 2002 se
405 1972 535 2011 quisque
559 1972 700 2006 collocet.

224 2050 230 2056 .
257 2025 329 2057 Non
355 2028 478 2066 quaerit
500 2027 553 2058 hie
575 2028 782 2070 mendacium,

255 2072 317 2104 Sed
341 2073 432 2105 iuxta
456 2073 558 2106 Rheni
580 2073 709 2107 fluvium

254 2119 420 2151 Desertum
444 2121 536 2153 vallis
561 2122 659 2162 eligit,

256 2166 404 2205 Otpertus
428 2167 531 2207 ipsum
555 2169 682 2209 colligit.

223 2246 230 2253 .
257 2222 319 2253 Hie
340 2232 431 2255 mane
454 2225 544 2255 miles
569 2226 671 2258 astitit

255 2269 334 2308 Deo,
358 2271 415 2302 sed
439 2270 536 2303 hostis
562 2272 693 2314 obstitit,

256 2316 317 2347 Per
340 2317 517 2350 sanctitatis
542 2320 680 2352 aemulos

253 2363 410 2397 Movendo
433 2365 494 2396 zeli
517 2366 670 2403 stimulos,

881 288 913 319 6.
939 285 1049 318 Securi
1074 294 1181 318 caesus
1206 285 1308 326 gloria

938 332 1124 373 Coronatur,
1151 332 1286 364 victoria

937 379 999 411 Per
1023 380 1197 411 homicidas
1223 379 1347 419 claruit,

934 427 1070 465 Quorum
1094 435 1150 466 pes
1175 426 1251 467 fuga
1275 426 1386 458 caruit.

879 484 909 515 7.
935 483 993 521 Qui
1018 485 1139 514 rectum
1164 483 1393 523 sagittaverant

935 528 1136 569 obscureque
1161 531 1372 570 peremerant,

933 576 971 607 In
995 576 1052 607 hos
1076 576 1212 615 sagittae
1236 577 1379 615 redeunt,

932 622 1015 654 Dum
1039 623 1139 655 Iudae
1162 631 1250 655 more
1273 626 1416 663 pereunt.

1070 705 1279 741 Responsoria.

879 764 909 796 1.
936 762 1070 795 Sanetus
1093 763 1155 794 iste
1176 766 1241 803 tuo,
1269 762 1403 804 Christe,

979 810 1140 841 Firmatus
1163 810 1331 851 iuvamina,

931 856 1066 888 Domum
1088 855 1167 888 fines
1193 860 1224 888 et
1248 855 1360 889 affines

981 903 1177 942 Contempsit
1199 905 1313 935 mentis
1335 904 1481 944 eulmine,

861 950 899 983 V.
930 949 977 982 Ut
1000 949 1163 982 Abraham
1187 959 1332 990 egressus
1358 955 1415 994 est,

933 996 998 1034 Quo
1024 998 1216 1037 monstrasti,
1242 997 1403 1038 ingressus
1422 1001 1479 1031 est.

874 1055 905 1086 2.
931 1052 1157 1093 Apostolorum
1186 1053 1296 1085 limina

931 1099 967 1130 In
991 1099 1101 1141 Roma,
1128 1100 1237 1132 mundi
1262 1100 1398 1138 domina,

933 1145 1080 1177 visitavit
1104 1147 1264 1178 humiliter

931 1192 1064 1224 Plorans
1090 1196 1122 1224 et
1144 1202 1237 1225 orans
1261 1194 1410 1234 largiter3

862 1239 900 1271 V.
932 1238 1020 1277 Quod
1046 1239 1179 1272 dictavit
1203 1240 1338 1280 devotio,

930 1285 1119 1325 Impetravit
1142 1287 1253 1321 oratio,

874 1345 904 1375 3.
933 1341 1130 1373 Trudbertus
1155 1342 1255 1375 Roma
1281 1344 1408 1376 veniens

930 1388 974 1419 Et
998 1388 1164 1427 Otpertum
1189 1390 1352 1422 inveniens

931 1434 1027 1466 secus
1052 1434 1229 1475 Numagum
1254 1435 1384 1470 fluvium

929 1481 1066 1512 Primum
1093 1483 1176 1514 locat
1201 1483 1385 1524 hospitium,

862 1528 899 1558 V.
928 1528 1018 1559 Haec
1041 1529 1175 1571 requies,
1201 1539 1294 1569 quam
1319 1532 1424 1572 elegit,

931 1573 1022 1605 Vitae
1047 1582 1171 1607 cursum
1194 1576 1248 1608 hie
1272 1579 1406 1617 peregit.

873 1630 904 1661 4.
930 1630 1051 1668 Quanta
1073 1629 1174 1670 fulget

977 1677 1174 1710 Trudbertus
1199 1679 1300 1719 gloria

929 1722 999 1755 Hoc
1022 1724 1056 1754 in
1079 1725 1196 1757 mundo

977 1771 1118 1811 caelique
1143 1773 1242 1813 curia,

929 1816 1105 1849 Sanitatum

974 1864 1090 1905 probat
1113 1864 1307 1906 frequentia:

859 1911 896 1942 V.
927 1910 1063 1951 Lepram
1087 1914 1229 1956 mundat,

974 1957 1063 1998 fugat
1088 1960 1262 2000 daemonia,

928 2004 1042 2044 Aegris
1067 2006 1133 2037 eius

973 2051 1119 2084 subvenit
1139 2054 1250 2092 gratia.

984 2182 1028 2214 In
1054 2186 1087 2216 2.
1113 2184 1345 2221 Nocturno.

1067 2269 1262 2304 Antiphonae.

867 2324 898 2356 1.
923 2323 961 2355 In
985 2324 1047 2356 Dei
1070 2326 1278 2362 tabernacula

924 2369 986 2402 Hie
1010 2374 1136 2405 scandit
1161 2376 1229 2407 sine
1254 2378 1387 2422 macula,
