1655 2534
703 95 957 133 ——104—

253 197 403 230 Profectu
425 197 573 229 virtutum
600 195 723 227 scandit

255 245 364 278 Altum
388 244 585 284 praesulatus
610 242 750 283 gradum,

186 293 224 325 V.
253 292 325 324 Non
349 291 409 322 sibi
434 291 526 321 sumit
549 290 708 328 honorem,

257 338 317 370 Sed
348 341 475 370 vocatus
500 340 657 375 tamquam
682 336 799 366 Aaron.

199 397 230 428 3.
255 394 360 426 Bonus
385 395 492 434 pastor
516 394 548 424 in
572 391 687 431 populo

254 441 299 472 Et
323 440 469 472 caelestia
492 438 653 471 commoda

254 488 299 519 Et
322 491 447 518 terrena
470 485 627 525 stipendia

257 534 327 565 Suis
349 533 494 572 praebuit
516 531 635 569 ovibus,

188 582 224 613 V.
253 579 373 612 Fidelis
399 582 429 610 et
451 579 587 618 prudens
606 576 803 616 dispensator

257 626 416 658 Dominici
439 624 537 656 tritici
560 631 745 654 mensuram.

320 747 368 778 In
394 747 424 777 2.
451 744 675 776 Nooturno.

394 828 585 862 Antiphonae.

203 896 233 927 1.
257 896 389 927 Amator
410 894 568 934 religionis

258 942 406 973 Maximis
431 941 581 974 virtutum
606 940 694 972 donis

262 987 399 1019 Caelitus
427 990 495 1018 erat
520 987 647 1025 ditatus,

260 1034 327 1065 Deo
350 1034 384 1064 in
408 1034 549 1065 omnibus
574 1035 691 1072 gratus

205 1093 235 1122 2.
262 1090 380 1122 Ordine
403 1092 563 1130 promotus
587 1097 676 1120 sacro

259 1136 456 1168 Venerabilis
481 1136 553 1168 Otto

261 1182 306 1214 Ut
329 1190 449 1223 gemma
473 1180 562 1213 fulsit
582 1182 615 1212 in
640 1181 723 1212 clero

261 1229 389 1261 Omnem
413 1228 637 1260 transcendens
662 1227 803 1267 gratiam.

207 1287 236 1318 3.
264 1284 419 1316 Christum
449 1284 581 1324 diligens
605 1283 754 1316 ardenter

260 1330 429 1362 Miseretur
452 1330 596 1362 hilariter

262 1377 305 1408 Et
328 1377 440 1409 tribuit
463 1377 660 1416 simpliciter,

262 1424 346 1462 Quae
368 1424 401 1454 in
425 1424 518 1455 terris
542 1423 736 1462 possederat.

404 1507 606 1540 Responsoria.

210 1575 240 1606 1.
265 1572 418 1612 Flagrans
447 1571 544 1603 divini
568 1572 682 1604 amoris

263 1620 340 1658 Igne
367 1618 416 1650 vir
441 1617 639 1657 venerabilis,

265 1665 369 1696 Verbo
398 1664 642 1703 praedicationis

264 1710 388 1743 Infudit
410 1711 514 1742 lumen
538 1709 614 1742 fidei

267 1756 426 1790 Idolatrae
449 1757 568 1790 nationi

197 1805 235 1837 V.
267 1804 397 1836 Domino
424 1806 609 1843 cooperante

266 1851 309 1882 Et
333 1859 506 1882 sermonem
531 1849 743 1883 confirmante.

211 1910 240 1940 2.
267 1907 421 1938 Sacerdos
445 1906 636 1945 apostolicus

269 1953 469 1985 Praeclarum
494 1953 617 1985 virtutis
642 1961 719 1992 opus

269 2001 356 2032 Inter
380 2003 487 2039 gentes
507 2002 654 2039 operatus

268 2048 374 2078 Aedes
398 2045 546 2085 profanas
571 2046 727 2078 destruxit

268 2093 312 2124 Et
336 2093 483 2126 ecelesias
510 2093 694 2126 construxit.

201 2141 238 2174 V.
269 2139 420 2179 Quoniam
443 2141 681 2172 immolaverunt

269 2186 449 2218 Daemoniis
473 2190 504 2218 et
527 2196 589 2219 non
613 2187 691 2227 Deo,

266 2233 347 2275 Diis,
373 2242 448 2272 quos
473 2234 670 2274 ignorabant.

214 2291 244 2323 3,
271 2289 426 2321 Aestuans
450 2291 522 2329 igne
545 2290 650 2324 divino

268 2337 473 2370 Venerandus
500 2338 627 2377 praesul
652 2338 725 2372 Otto

924 188 1032 222 Divini
1053 187 1158 228 operis
1183 184 1320 218 fructum

925 235 1116 276 Propensius
1142 233 1332 273 exsequitur,

926 281 1122 320 Monasteria
1148 283 1331 313 construens

928 330 973 362 Et
996 332 1173 362 sanctorum
1192 335 1316 366 gregem
1334 333 1478 366 pascens.

856 378 893 409 V.
921 376 1089 409 Iuenmdus
1110 375 1213 413 homo,
1240 373 1297 413 qui
1311 373 1480 404 miseretur

929 426 957 456 et
981 422 1168 456 commodat.

988 546 1034 577 In
1059 546 1090 578 3.
1115 543 1345 575 NocturnO.

1081 617 1276 652 Antiphonae.

874 677 902 710 1.
930 676 959 707 A
984 675 1118 707 Domino
1143 674 1339 713 praeelectus

931 722 1125 754 Sublimatur
1150 721 1197 752 vir
1221 720 1332 751 beatus

929 770 968 801 In
993 769 1068 801 sede
1092 767 1293 808 pontificatus

930 816 998 848 Deo
1025 816 1136 856 dignus
1161 814 1336 854 episcopus.

874 875 904 907 2.
931 871 1158 905 Coenobiorum
1182 870 1345 910 fundator,

932 919 1021 951 Sacri
1053 919 1152 950 cultus
1178 918 1370 957 propagator

930 965 1093 1004 Ecclesiis‚
1119 973 1195 1003 quas
1221 962 1395 995 construxit

933 1012 1071 1044 Praedia
1094 1012 1183 1051 large
1206 1009 1328 1041 tribuit.

875 1071 905 1103 3,
929 1067 1085 1108 Fungitur
1109 1066 1283 1106 apostolico

933 1115 990 1146 Vir
1013 1114 1123 1145 beatus
1149 1112 1265 1153 officio,

933 1161 1010 1193 Cum
1034 1161 1131 1192 Paulo
1157 1161 1198 1192 ad
1223 1163 1332 1199 gentes
1355 1158 1470 1190 missus

934 1207 1080 1240 Gentium
1105 1206 1142 1239 fit
1166 1207 1338 1248 apostolus,

1069 1282 1273 1316 Responsoria.

878 1339 906 1371 1.
933 1338 1076 1370 Favente
1101 1337 1218 1370 Christi
1243 1338 1346 1377 gratia

933 1385 1053 1416 Doctor
1076 1384 1180 1424 prima
1199 1385 1279 1415 haec
1301 1384 1404 1423 spolia

934 1432 1019 1463 Tulit
1045 1431 1085 1462 de
1108 1430 1258 1463 idolatria

936 1478 1012 1510 Tria
1035 1478 1193 1509 hominum
1218 1478 1314 1515 milia,

934 1525 1020 1564 Quae
1044 1526 1199 1556 convertit
1223 1525 1264 1555 ad
1288 1524 1475 1563 Dominum3

866 1572 904 1603 V.
932 1572 1104 1603 Adduntur
1128 1571 1177 1602 his
1201 1571 1300 1603 multo
1325 1571 1420 1610 plura

936 1618 1213 1650 Pommeranorum
1238 1619 1334 1651 milia.

881 1676 912 1707 2.
937 1674 1060 1706 Furens
1085 1674 1248 1714 gentilium
1272 1674 1366 1705 turba

936 1722 973 1753 In
998 1728 1105 1752 necem
1130 1722 1230 1752 saneti
1255 1723 1406 1761 armatur,

940 1767 1002 1799 Sed
1027 1776 1136 1800 manus
1162 1768 1385 1808 omnipotentis

939 1814 1075 1846 Brachia
1100 1823 1206 1846 eorum
1230 1816 1319 1855 ligat,

939 1861 988 1892 Ne
1020 1870 1144 1893 servum
1171 1862 1289 1895 Christi
1316 1862 1492 1894 laederent.

870 1908 908 1940 V.
936 1908 1041 1940 Irrm‘t
1074 1917 1175 1949 super
1208 1917 1258 1940 eos
1292 1908 1433 1949 formido
1467 1911 1495 1940 et

934 1963 1040 1993 pavor
1063 1955 1101 1985 iot
1123 1955 1348 1995 maynitudme
1371 1954 1495 1986 brachii

942 2001 1001 2040 tui,
1026 2000 1178 2033 Domine.

885 2058 916 2090 3.
941 2056 1046 2089 Hodie
1074 2057 1123 2088 vir
1150 2057 1352 2097 clarissimus,

941 2104 1218 2136 Pommeranorum
1243 2105 1416 2144 apostolus,

943 2151 996 2182 Ad
1020 2153 1127 2190 patres
1153 2160 1224 2183 suos
1251 2153 1401 2184 collectus

943 2198 1133 2236 Assumptus
1160 2201 1208 2230 est
1231 2198 1265 2230 in
1289 2199 1431 2238 requiem

942 2244 1021 2276 Post
1044 2244 1135 2275 huius
1162 2245 1245 2277 vitae
1268 2246 1420 2288 laborem,

876 2291 914 2325 V.
947 2291 991 2324 Ut
1013 2291 1167 2324 inhabitet
1190 2293 1228 2324 iot
1253 2292 1345 2325 domo
1362 2293 1503 2327 Domini

946 2338 983 2369 tn
1007 2338 1242 2379 longitudinem
1268 2340 1404 2375 dierum.
