1655 2534
733 118 988 152 —192—

397 212 442 239 Ad
467 212 648 240 Benedictus.

218 267 259 301 A.
289 268 479 300 Benedictus
505 278 560 301 rex
586 268 750 311 coelorum,

1024 211 1069 243 In
1096 214 1126 246 2.
1153 211 1366 251 Vesperis.

1075 272 1120 299 Ad
1139 270 1317 307 Magnificat.

289 315 335 346 Te
353 316 550 347 commendat
566 325 626 347 vox
651 317 829 347 sanctorum
886 314 926 346 A.
956 315 1050 347 Miles
1075 314 1167 347 fortis
1192 322 1305 346 saevae
1329 314 1439 347 mortis

334 361 499 394 Iubilando
525 363 668 400 dulciter,

284 407 357 438 Tibi
382 409 481 439 omnis
507 412 649 440 creatura

285 453 390 485 Servit
413 463 541 487 servans
566 464 623 486 sua
647 454 726 492 iura,

330 500 432 532 Homo
456 501 541 532 solus
566 501 677 539 aliter3

283 545 353 577 Non
378 548 424 578 sic
450 548 549 578 currit
573 548 685 578 chorus
708 546 779 584 iste,

287 591 349 624 Sed
375 596 405 624 te
431 594 518 633 duee,
549 596 657 625 sancte
681 593 779 632 Sixte,

334 638 491 670 Christum
516 642 646 679 quaerat
669 639 794 679 iugiter.

957 362 1001 393 Po
1006 370 1094 394 enam
1101 370 1263 400 spernens,
1271 361 1368 394 vitam
1375 370 1508 393 cernens

1002 409 1040 440 In
1065 416 1203 447 superna
1219 408 1334 448 patria,

957 454 1087 486 scandit
1111 456 1257 494 mundus,
1285 455 1478 487 rubicundus

958 501 1046 541 Pugil
1071 502 1133 533 iste
1156 505 1238 543 tuus,
1264 501 1399 541 Christe,

1002 548 1056 579 Ad
1086 549 1265 579 sanctorum
1291 549 1390 585 atria3

958 595 982 626 Ο
1008 599 1141 633 patrone
1166 593 1255 625 sixte
1279 594 1369 629 bone.

955 641 1023 672 Fac
1047 650 1104 672 nos
1129 641 1176 671 ire
1202 644 1231 672 et
1257 642 1366 673 venire

1004 687 1055 719 Ad
1079 691 1209 719 aeterua
1232 688 1357 727 gaudia.

283 749 368 775 Brev.
395 758 446 776 ms.
471 749 645 777 Secoviense
671 759 745 778 saec.
774 749 816 778 15.
863 750 930 779 Cod.
957 752 1097 779 Graecen.
1125 750 1196 780 1545
1223 752 1257 779 Α.
1284 767 1319 771 -
1345 753 1428 780 Brev.
1450 762 1503 780 ms.

208 785 416 821 Aquilegiense
436 794 510 814 saec·
533 786 576 814 15.
609 788 677 815 Cod.
698 787 804 816 Semin.
819 789 967 817 Brixinen.
987 798 1009 816 s.
1030 798 1058 816 n.
1073 790 1105 817 B.
1125 803 1164 807 —-
1177 790 1261 817 Brev.
1275 790 1415 818 Kimense
1433 791 1503 827 imp.

205 822 339 849 venetiis
361 821 441 851 1516.
465 824 495 851 C.
517 838 553 843 -—
572 825 612 852 In
634 823 658 851 1.
679 826 783 861 Vesp.
805 825 827 852 Α
847 824 874 859 3,
897 824 911 853 1
933 827 1056 861 xystum
1078 827 1111 854 A.
1131 827 1222 855 —In
1242 825 1266 854 2.
1280 827 1381 855 Noct.
1395 826 1417 854 A
1437 825 1464 862 3,
1484 826 1504 855 4

205 862 289 887 coetu
316 858 456 888 debilium
475 862 509 888 A.
529 877 567 881 —
594 861 613 888 R
640 861 662 897 1,
690 862 704 890 1
732 871 782 890 rex
799 864 939 891 ecclesiae
960 865 994 891 A.
1014 878 1053 883 —
1079 862 1098 890 R
1120 862 1145 898 2,
1169 863 1185 890 7
1206 867 1293 900 caput
1311 866 1392 893 m-bis
1412 865 1445 892 B.
1466 879 1503 884 —

202 896 299 924 Hiezu
320 897 367 924 die
387 898 491 926 beiden
509 900 646 934 Hymnen
665 900 749 927 Anal.
769 901 813 928 XI
832 902 883 929 Nr.
903 899 959 929 499
979 901 1037 928 und
1058 900 1122 929 500.

635 1008 674 1039 71.
703 1009 747 1039 De
767 1010 874 1040 sancto
894 1008 1066 1041 sozomeno.

336 1076 381 1107 In
408 1078 437 1110 1.
464 1077 678 1117 vesperis.
891 1080 921 1111 5.
946 1079 1042 1118 Regis
1067 1087 1192 1110 saevum

412 1150 604 1185 Antiphonac.

213 1204 230 1236 1
242 1228 250 1235 .
277 1204 436 1237 Gloriosos

319 1251 481 1284 laudemus
506 1256 632 1298 militeS,

272 1296 477 1330 Sozomenum

320 1350 351 1374 et
375 1346 440 1377 eius
465 1349 575 1390 socios,

270 1389 363 1421 Viros
389 1393 463 1423 olim

315 1436 346 1467 in
372 1436 436 1469 fide
462 1440 585 1481 divites,

271 1482 338 1520 Qua
363 1485 505 1516 vicerunt

317 1529 478 1562 conflictus
503 1534 616 1573 varios,

268 1574 331 1606 Sed
356 1585 439 1608 nunc
464 1580 542 1610 caeli

315 1624 541 1657 transcendunt
565 1627 679 1660 limites

267 1666 370 1706 Super
394 1670 521 1703 thronos

311 1714 406 1746 locati
427 1717 538 1756 regios.

208 1768 239 1800 2.
262 1771 460 1811 Epiphanius
482 1775 617 1819 inclitus,

266 1817 384 1851 Christi
409 1822 510 1853 cultor
535 1823 720 1864 praecipuus

265 1864 452 1898 Trecenteni
478 1871 633 1902 exercitus

263 1911 338 1944 Dux
362 1912 423 1945 fuit
448 1917 542 1948 armis
567 1921 720 1952 strenuus,

205 1967 236 1998 3.
264 1967 335 1999 Non
358 1971 468 2002 mortis
493 1970 662 2007 formidine

307 2014 420 2048 Fidem
445 2020 632 2060 occultabat,

263 2060 327 2093 Sed
350 2067 472 2096 secreto
495 2063 622 2098 fiamine

309 2107 386 2141 Suos
412 2110 613 2146 informabat.

204 2163 235 2193 4.
262 2163 374 2196 Edixin
396 2167 606 2202 Maximianus

308 2210 405 2245 Furia
430 2221 610 2258 commotuS,

262 2257 307 2290 Ut
330 2261 464 2299 populus
491 2262 687 2300 Christianus

310 2304 458 2339 Interiret
481 2313 575 2346 totus,

723 1852 730 1868 5

996 1125 1132 1156 edictum
1157 1125 1300 1167 audiens,

950 1172 1028 1204 Suos
1054 1172 1122 1203 adit

994 1218 1047 1258 pie
1070 1218 1292 1258 praemuniens

946 1265 990 1296 Et
1012 1265 1045 1296 in
1071 1265 1134 1296 fide

992 1313 1082 1344 verbi
1108 1312 1264 1343 erudiens.

912 1392 919 1399 .
951 1367 1029 1399 Odio
1054 1367 1162 1399 furens
1189 1366 1326 1399 erudelis

945 1413 1015 1445 Rex
1040 1414 1172 1455 opponit
1195 1422 1303 1445 servos
1330 1413 1449 1446 Christi

945 1460 1210 1492 Adversariorum
1234 1460 1318 1504 telis,

945 1506 1014 1538 Nec
1037 1507 1206 1538 laeduntur
1231 1507 1326 1546 plaga
1349 1507 1444 1547 tristi,

905 1576 912 1584 .
946 1552 1009 1584 Sed
1036 1554 1108 1585 dum
1136 1557 1208 1585 vota

991 1601 1149 1638 spondent
1172 1600 1290 1639 fidelia,

947 1645 1098 1678 Sternunt
1122 1648 1214 1686 pauci

991 1701 1082 1732 quam
1107 1694 1200 1733 plura
1223 1693 1313 1725 milia

1062 1759 1108 1786 Ad
1129 1758 1308 1795 Magnificat.

905 1830 912 1839 .
947 1806 1161 1840 Constantiam

989 1853 1117 1886 fortium
1141 1855 1275 1886 militum

943 1900 1153 1933 Decantemus

988 1948 1042 1988 pia
1066 1948 1197 1986 laetitia,

938 1994 996 2033 Qui
1020 2004 1078 2034 per
1102 1997 1198 2030 fidem

985 2043 1069 2081 regis
1093 2045 1260 2084 imperium

937 2087 1177 2125 Contemnentes

984 2144 1077 2174 quam
1101 2139 1195 2178 plura
1218 2142 1307 2175 milia

937 2182 1036 2214 Facto
1062 2188 1134 2217 voto

983 2230 1127 2264 vicerunt
1152 2234 1297 2280 hostium,

937 2275 1012 2307 Sola
1037 2279 1154 2312 Christi

984 2322 1066 2358 freta
1087 2331 1240 2367 potentia.
