1655 2534
597 77 854 113 —153—

525 168 571 201 55.
600 169 644 201 De
665 170 771 202 sancto
792 167 927 206 Quirino.

210 239 256 271 In
280 239 311 272 1.
338 238 549 279 Vesperis.

68 313 108 345 A.
137 314 217 354 Ave,
245 313 378 345 dulcedo
404 322 590 356 pauperum,

141 359 222 400 Ave,
249 361 379 392 coheres
404 363 590 401 martyrum,

142 407 222 447 Ave,
248 407 411 446 speculum
435 407 523 449 fidei,

141 453 186 485 Et
209 454 301 486 huius
326 452 408 486 festa
434 454 498 486 <liei

143 500 284 542 Quirine,
310 504 431 541 martyr
456 501 575 542 inclite,

142 546 247 580 Iubilo
271 547 374 580 laudis
400 547 527 580 debitae

142 594 264 627 Devote
290 594 524 628 celebrantibus

142 641 264 674 Adesto
289 641 374 674 mitis
399 642 554 676 omnibus

72 698 112 731 R.
140 697 297 737 Martyris
322 699 369 729 tui
394 698 554 739 precibus,

144 744 238 776 Cuius
259 743 343 775 festa
367 745 545 785 recolimus,

142 791 211 823 Tuo
235 799 362 830 semper
384 791 556 823 munimine

140 836 289 869 Defende
312 846 380 877 nos,
406 846 424 869 ο
449 838 600 877 Domine;

69 885 106 919 V.
137 884 279 917 Deatera
301 886 369 925 tua,
392 884 542 928 Domine,
566 884 693 926 Μαρκέ-

142 931 241 971 ficata
264 934 308 963 cst
331 931 368 962 in
394 930 592 971 fortitudine.

261 1005 306 1033 Ad
327 1005 506 1041 Mag-nificat.

70 1063 110 1097 A.
145 1062 264 1102 Magna
289 1062 389 1094 Deum
415 1071 473 1101 per
497 1062 603 1094 omnia

143 1109 289 1141 Laudum
316 1109 430 1142 decent
451 1109 631 1149 praeconia,

144 1156 240 1189 Cuius
264 1156 401 1196 benigna
425 1157 528 1197 gratia

144 1203 311 1244 Signorum
337 1202 499 1245 efficacia3

141 1250 364 1282 Translatione
389 1249 531 1290 corporis

142 1297 252 1329 Sancti
274 1297 396 1337 Quirini
420 1297 569 1336 martyris

139 1344 223 1376 Tota
245 1342 362 1376 florens
386 1343 557 1376 Germania

142 1391 233 1423 Nova
258 1391 439 1431 frequentat
462 1391 587 1430 gaudia,

144 1438 191 1471 Ob
219 1438 315 1481 cuius,
343 1437 479 1479 Christe,
506 1438 620 1469 merita

143 1484 262 1518 Nostra
287 1485 374 1517 dilue
400 1485 517 1525 debita,

143 1531 188 1565 Ut
209 1532 313 1564 securi
339 1532 490 1564 caelestia

142 1579 353 1612 Transeamus
378 1579 419 1611 ad
444 1579 570 1619 gaudia.

207 1684 267 1716 Ad
295 1683 561 1716 Matutinum.

274 1758 492 1785 Invitatorium.

142 1815 313 1855 Christum,
340 1814 438 1847 solem
460 1814 611 1854 iustitiae,

142 1862 262 1895 Mentis
288 1862 536 1901 contemplemur
560 1860 639 1901 acie,

144 1910 202 1950 Qui
226 1919 308 1943 novo
335 1909 486 1941 mundum
510 1909 601 1941 radio

144 1958 351 1991 Collustravit
372 1957 404 1988 in
430 1956 570 1997 Quirino.

199 2063 246 2096 In
274 2063 304 2096 1.
332 2061 564 2094 Nocturno.

284 2136 479 2173 Antiphonae.

84 2197 115 2230 1.
142 2195 329 2228 Noricorum
353 2195 387 2226 in
414 2193 526 2226 finibus

141 2243 226 2275 Altis
252 2242 315 2275 orti
339 2241 498 2274 natalibus

140 2289 338 2324 Adalbertus
364 2289 496 2321 eximius

138 2337 265 2372 Floruit
289 2339 321 2369 et
347 2336 510 2370 otkarius

764 241 795 275 2.
820 239 866 272 Hi
888 240 997 271 mundi
1016 239 1091 270 licet
1115 238 1227 278 opibus

820 285 964 319 Ubertim
989 284 1191 317 affluentibus

823 332 887 365 Gor
910 333 1060 364 nolebant
1082 341 1253 372 apponere,

822 379 886 412 Sed
911 379 1068 412 Christum
1093 378 1290 412 lucrifacere.

789 459 796 467 .
823 435 951 476 Tegrins
959 443 1063 467 ensem
1086 435 1176 466 iuxta
1198 436 1312 474 lacum,

824 482 939 514 Divino
965 482 1061 513 cultui
1087 483 1189 514 locum

823 528 889 562 Ubi
914 529 1024 561 vident
1045 529 1202 568 idoneum,

823 575 1002 608 Exstruunt
1023 574 1257 608 monasterium.

789 657 798 665 .
822 632 890 663 Iam
916 632 1079 671 dispositis
1104 630 1247 663 omnibus

824 678 937 718 Operis
961 679 1053 710 huius
1077 677 1253 718 sumptibus

823 725 1048 765 Apostolorum
1072 726 1182 758 limina

824 772 940 803 Petunt
964 773 1077 804 orandi
1101 771 1214 812 gratia.

791 852 798 859 .
826 826 963 864 Quorum
987 828 1126 860 adventu
1151 828 1274 868 cognito

824 873 913 912 Papa
935 873 1073 906 laetatur
1095 874 1200 906 subito

822 919 876 959 Et,
903 928 995 959 quam
1020 921 1120 953 Roma
1144 920 1302 960 sustinuit,

824 965 956 998 Cladem
980 966 1025 999 eis
1049 967 1205 1006 exposuit.

791 1049 798 1057 .
824 1023 908 1056 Nam
931 1024 996 1055 illis
1020 1024 1054 1055 in
1078 1023 1272 1062 temporibus

825 1071 968 1103 Peccatis
993 1069 1190 1110 exigentibus

824 1117 975 1158 Magnum
999 1117 1127 1149 incursu
1151 1117 1291 1155 gentium

826 1164 1005 1197 Pertulerat
1029 1163 1196 1196 excidium.

964 1276 1169 1312 Responsoria.

791 1386 799 1393 .
825 1362 928 1393 Instat
953 1361 1091 1393 athletae
1114 1360 1243 1393 Domini

826 1407 902 1440 Dies
927 1409 1060 1441 colenda
1084 1408 1215 1448 Quirini,

826 1455 920 1488 Cuius
945 1455 1063 1495 quippe
1086 1454 1252 1487 translatio

824 1501 925 1534 Nobis
952 1505 1000 1533 est
1025 1502 1202 1534 exsultatio.

784 1574 792 1582 .
823 1549 910 1581 Ante
931 1549 1177 1582 translationem
1190 1548 1277 1581 enim
1292 1548 1376 1580 testi-

822 1596 971 1629 monium
981 1596 1117 1628 habebat
1128 1594 1290 1636 placuisse
1304 1595 1374 1628 Do-

822 1652 922 1676 mmo.

790 1724 797 1732 .
824 1699 887 1731 Hic
911 1708 931 1732 a
956 1699 1092 1732 Caesare
1117 1700 1249 1732 Claudio

823 1747 927 1779 Nocte
949 1749 1133 1787 peremptus
1158 1748 1264 1787 gladio

822 1794 1048 1826 Miraculorum
1074 1795 1175 1834 gloria

824 1841 948 1874 Glaruit
971 1840 1149 1874 omnifaria.

787 1913 794 1922 .
824 1887 925 1930 Quasi
938 1888 1033 1920 stella
1044 1889 1209 1922 mawtina
1219 1889 1257 1921 in
1270 1888 1374 1921 medio

826 1935 971 1968 nebulae.

792 2017 800 2025 .
824 1992 970 2025 Evolutis
995 1991 1191 2031 temporibus

822 2038 914 2071 Elisa
938 2038 1017 2071 diris
1041 2038 1185 2070 hostibus

822 2086 935 2126 Roma,
962 2086 1101 2125 gentium
1127 2085 1263 2126 domina,

824 2132 964 2167 Sedebat
988 2132 1079 2173 quasi
1103 2132 1199 2164 vidua

785 2206 792 2213 .
823 2179 1030 2220 Paupercula
1073 2180 1257 2220 tempestate
1304 2188 1377 2212 con-

825 2227 920 2260 vulsa
933 2227 1051 2267 absque
1061 2227 1133 2258 ulla
1150 2225 1375 2259 consolatione.

792 2312 801 2320 .
826 2283 1005 2318 Praedictis
1031 2292 1105 2324 ergo
1130 2282 1283 2316 fratribus

827 2332 960 2366 Romam
985 2331 1243 2371 pervenientibus
