1655 2534
721 134 978 169 —1196—

279 232 419 271 Sumpsit
446 240 575 271 regnum
598 229 774 261 inchoando

324 278 553 317 sempiternam
577 277 718 317 gloriam.

411 351 616 387 Responsoria.

222 408 253 440 1.
279 409 345 440 Iam
372 416 440 439 cum
465 408 567 439 caelos
591 407 786 438 ascendisset

323 455 440 486 Nostra
465 455 549 486 salus
574 453 725 484 Dominus

278 502 383 540 Atque
407 502 471 532 suis
494 500 718 532 transmisisset

325 547 413 578 Dona
436 547 537 578 sancti
559 546 699 586 spiritus,

274 594 487 632 Repleverunt
509 596 616 631 partes
639 592 748 623 mundi

319 640 466 671 Duodeni
490 646 635 677 proceres

276 686 469 718 Seminantes
493 685 621 716 verbum
647 684 707 715 Dei

323 732 375 763 Ad
400 731 567 763 salvandos
592 731 751 771 homines3

207 778 246 811 Y.
279 779 314 810 In
340 786 461 809 omnem
486 778 698 817 apostolorum

323 825 452 856 Terram
477 833 571 855 sonus
596 825 682 864 exiit,

275 872 318 903 Et
342 871 376 901 in
400 869 478 902 fines
502 870 587 902 orbis
610 873 715 902 terrae

323 917 460 948 Verbum
483 918 594 948 horum
619 917 747 956 prodiit.

218 975 249 1005 2.
277 972 442 1005 Gaudebat
472 982 544 1012 ergo
571 981 726 1011 praecone

322 1019 383 1050 Suo
409 1027 548 1058 quaeque
568 1020 665 1057 regio,

275 1066 319 1097 Et
343 1068 447 1104 grates
471 1074 528 1104 pro
554 1068 641 1096 tanto
668 1065 748 1096 dono

323 1110 492 1143 Referebat
517 1111 667 1151 Domin03

274 1157 426 1190 Restabat
443 1158 650 1190 Panoniorum

322 1203 415 1235 Plebs
439 1205 505 1235 sine
531 1204 671 1244 consilio,

274 1250 386 1282 Clausa
410 1251 547 1281 tenebris
574 1258 712 1282 errorum

322 1298 359 1328 In
383 1297 492 1328 mundi
515 1296 690 1337 naufragio,

205 1343 244 1376 V.
275 1344 319 1375 Et
344 1343 415 1374 dum
441 1347 595 1374 cresceret
618 1343 652 1374 in
675 1343 752 1375 orbe

320 1389 413 1420 Fidei
438 1390 558 1429 religio,

273 1436 318 1467 Et
342 1436 505 1467 credentes
529 1445 607 1474 puro
634 1437 729 1468 corde

323 1482 537 1513 Nascerentur
563 1482 674 1514 denuo.

217 1538 247 1569 3.
275 1537 369 1569 Genti
393 1541 497 1568 autem
524 1538 661 1569 devianti

321 1584 384 1616 Per
406 1585 516 1615 mortis
537 1584 705 1615 illecebras

275 1630 320 1662 Et
341 1631 519 1669 procaciter
543 1631 660 1662 amanti

324 1676 490 1708 Caecitatis
514 1676 660 1708 tenebras

274 1723 351 1754 Ideo
378 1722 579 1754 differebatur

321 1769 438 1800 Salutis
462 1769 672 1810 praeconium,

274 1815 318 1847 Ut
343 1818 416 1854 post
437 1825 541 1847 moras
565 1819 748 1855 assequatur

320 1862 424 1893 Maius
448 1862 651 1902 beneficium3

206 1909 248 1943 V.
278 1909 340 1941 Ore
362 1917 496 1948 namque
521 1910 631 1941 doctor
655 1913 770 1948 quanto

321 1955 424 1987 Datur
448 1956 497 1987 illi
520 1956 629 1989 serior,

275 2002 365 2033 Dono
392 2002 452 2034 Dei
475 2003 587 2033 missus
612 2005 699 2034 tanto

323 2049 418 2080 Venit
439 2049 648 2081 excellentior.

324 2189 363 2220 In
389 2190 420 2221 2.
447 2190 672 2223 Nocturno.

411 2262 605 2299 Antiphonae.

217 2318 249 2352 1.
274 2319 377 2351 ‘Valde
401 2319 478 2352 felix
504 2330 537 2352 es
562 2321 697 2354 dicenda

318 2368 349 2398 A
374 2368 503 2410 cunctis,
527 2368 699 2411 Pannonia,

946 227 1089 267 Erumpe
1111 235 1196 258 nune
1218 225 1427 258 laetabunda·

993 275 1032 307 In
1057 275 1118 306 Dei
1144 274 1325 313 praeconia.

947 321 1005 360 Qui
1030 321 1090 352 tibi
1113 329 1175 352 n-on
1200 324 1441 360 praeceptorem

991 367 1040 400 De
1065 368 1157 407 plebe
1182 367 1381 406 discipulum.

946 413 1010 446 Sed
1034 423 1140 454 regem
1164 415 1418 453 praedicatorem

992 461 1082 492 Misit
1107 464 1138 491 et
1162 462 1349 500 apostolum.

889 518 921 549 2.
944 516 1027 548 Nam
1051 521 1085 547 ut
1109 516 1211 548 Attila
1235 517 1293 548 sub
1319 525 1394 556 rege

992 563 1193 603 Ungarorum
1218 563 1354 602 populus

947 610 1141 648 'syrannidis
1165 609 1231 641 lata
1255 610 1324 649 lege

994 655 1111 688 Saeviit
1139 656 1331 693 incredulus,

946 702 1000 734 Sic
1023 703 1081 734 sub
1107 702 1267 741 Stephano
1294 707 1450 743 regnante

994 751 1136 781 Vertitur
1162 751 1342 785 crudelitas,

946 796 1010 835 Quo
1034 796 1137 836 figura
1160 800 1392 828 transmutante

992 842 1161 875 Formatur
1186 844 1366 875 credulitas.

889 900 919 931 3.
946 897 1076 931 Dudum
1101 908 1234 939 namque
1260 900 1434 932 desolatam

992 945 1145 977 Dominus
1169 945 1364 986 Hungariam

942 993 1134 1031 Penitusque
1157 993 1244 1024 nullo
1272 994 1377 1024 datam

991 1039 1213 1071 Praedicatum
1235 1040 1379 1078 perviam

944 1085 1007 1116 Per
1029 1085 1113 1116 hunc
1136 1090 1278 1117 sanetum
1304 1087 1447 1119 evocavit

993 1132 1046 1163 Ad
1070 1132 1222 1170 baptismi
1244 1133 1380 1172 gratiam

942 1177 987 1208 Et
1012 1187 1081 1209 cum
1105 1179 1170 1209 suis
1194 1179 1359 1210 heredavit

991 1223 1079 1256 Dans
1106 1225 1264 1256 caelorum
1289 1227 1436 1265 patriam.

1079 1317 1285 1352 Respousoria.

887 1383 918 1415 1.
946 1382 1069 1423 Geysae
1092 1393 1235 1426 namque,
1264 1385 1336 1416 duci
1359 1391 1480 1426 saneto,

990 1429 1123 1461 Sanctus
1148 1439 1228 1469 puer
1252 1433 1402 1468 nascitur,

943 1475 1003 1514 Qui
1027 1477 1134 1508 din'ua
1157 1479 1268 1509 matris
1301 1483 1405 1511 ¹:entre

993 1522 1103 1554 Gratia
1126 1523 1333 1562 perfunditur

943 1567 988 1599 Et
1007 1569 1166 1608 Stephano
1190 1575 1476 1614 praemonstrante,

991 1616 1050 1654 Qui
1064 1620 1136 1655 post
1145 1616 1302 1649 Christum
1312 1628 1424 1657 passus
1435 1624 1482 1652 est

945 1661 1001 1693 Sat
1025 1672 1118 1701 quam
1141 1668 1325 1696 nasceretur
1348 1671 1423 1698 ante

991 1708 1171 1749 Stephanus
1195 1715 1324 1743 vocatus
1349 1717 1407 1747 est.

1485 1645 1493 1660 Ξ

873 1755 910 1787 V.
940 1755 1007 1787 Iste
1030 1756 1098 1787 Deo
1123 1765 1158 1787 se
1183 1758 1312 1790 devovit

991 1803 1041 1834 Ab
1067 1803 1286 1837 adulescentia,

943 1848 1062 1889 Xilque
1080 1850 1236 1883 lubricum
1262 1855 1407 1892 cognovit

990 1895 1095 1935 Ipsius
1119 1896 1263 1931 infantia.

887 1952 918 1984 2.
944 1951 1008 1984 Sed
1034 1961 1102 1983 cum
1127 1953 1299 1986 iuventutis
1323 1961 1424 1991 metas

994 2000 1128 2031 Sanctus
1152 2002 1289 2039 primum
1313 2006 1429 2045 posuit,

943 2046 1051 2085 Atque
1078 2046 1140 2078 iam
1165 2048 1268 2079 virilis
1293 2054 1381 2082 aetas

989 2092 1027 2124 In
1052 2101 1088 2124 eo
1113 2093 1256 2137 invaluit,

943 2138 996 2171 Ex
1019 2142 1095 2170 tunc
1118 2139 1222 2172 faetus
1246 2146 1293 2173 est
1320 2142 1458 2178 famosus

992 2186 1126 2217 Eximiis
1150 2187 1307 2220 laudibus.

944 2232 984 2263 In
1007 2233 1100 2264 bellis
1125 2234 1324 2272 victoriosus,

995 2280 1136 2311 Prudens
1159 2284 1191 2313 et
1215 2281 1426 2325 fortissimus3

874 2324 913 2358 V.
941 2325 1006 2358 Sub
1030 2327 1198 2360 mundanis
1222 2331 1319 2361 armis
1343 2331 1406 2364 Dei

992 2374 1086 2405 Miles
1110 2378 1178 2406 erat
1202 2379 1360 2421 strenuus,
