<?xml version="1.0" encoding="UTF-8"?>
<!DOCTYPE html PUBLIC "-//W3C//DTD XHTML 1.0 Transitional//EN"
    "http://www.w3.org/TR/xhtml1/DTD/xhtml1-transitional.dtd">
<html xmlns="http://www.w3.org/1999/xhtml" xml:lang="en" lang="en">
 <head>
  <title>
</title>
<meta http-equiv="Content-Type" content="text/html;charset=utf-8" />
  <meta name='ocr-system' content='tesseract 3.04.00' />
  <meta name='ocr-capabilities' content='ocr_page ocr_carea ocr_par ocr_line ocrx_word'/>
</head>
<body>
  <div class='ocr_page' id='page_1' title='image "./analectahymnica28drevuoft_00150.png"; bbox 0 0 1655 2534; ppageno 0'>
   <div class='ocr_carea' id='block_1_1' title="bbox 594 56 848 92">
    <p class='ocr_par' dir='ltr' id='par_1_1' title="bbox 594 56 848 92">
     <span class='ocr_line' id='line_1_1' title="bbox 594 56 848 92; baseline -0.004 0"><span class='ocrx_word' id='word_1_1' title='bbox 594 56 848 92; x_wconf 77' lang='lat'>—147—</span> 
     </span>
    </p>
   </div>
   <div class='ocr_carea' id='block_1_2' title="bbox 73 150 1340 436">
    <p class='ocr_par' dir='ltr' id='par_1_2' title="bbox 73 150 1280 286">
     <span class='ocr_line' id='line_1_2' title="bbox 73 150 669 195; baseline 0.002 -12"><span class='ocrx_word' id='word_1_2' title='bbox 73 150 110 184; x_wconf 89' lang='lat' dir='ltr'>V.</span> <span class='ocrx_word' id='word_1_3' title='bbox 140 151 180 184; x_wconf 88' lang='lat' dir='ltr'>1n</span> <span class='ocrx_word' id='word_1_4' title='bbox 203 160 265 191; x_wconf 91' lang='lat' dir='ltr'>quo</span> <span class='ocrx_word' id='word_1_5' title='bbox 290 150 436 184; x_wconf 81' lang='lat' dir='ltr'>Christus</span> <span class='ocrx_word' id='word_1_6' title='bbox 463 151 669 195; x_wconf 70' lang='lat' dir='ltr'>collaudatur,</span> 
     </span>
     <span class='ocr_line' id='line_1_3' title="bbox 143 198 1267 238; baseline -0.001 -7"><span class='ocrx_word' id='word_1_7' title='bbox 143 198 189 231; x_wconf 86' lang='lat' dir='ltr'>Et</span> <span class='ocrx_word' id='word_1_8' title='bbox 212 198 351 231; x_wconf 88' lang='lat' dir='ltr'>Preiecti</span> <span class='ocrx_word' id='word_1_9' title='bbox 376 198 610 232; x_wconf 86' lang='lat' dir='ltr'>demonstratur</span> <span class='ocrx_word' id='word_1_10' title='bbox 821 200 923 232; x_wconf 87' lang='lat' dir='ltr'>Hoste</span> <span class='ocrx_word' id='word_1_11' title='bbox 945 208 1008 231; x_wconf 90' lang='lat' dir='ltr'>non</span> <span class='ocrx_word' id='word_1_12' title='bbox 1032 199 1128 230; x_wconf 90' lang='lat' dir='ltr'>simus</span> <span class='ocrx_word' id='word_1_13' title='bbox 1154 199 1267 238; x_wconf 86' lang='lat' dir='ltr'>casuri,</span> 
     </span>
     <span class='ocr_line' id='line_1_4' title="bbox 144 245 1280 286; baseline 0 -9"><span class='ocrx_word' id='word_1_14' title='bbox 144 245 266 286; x_wconf 81' lang='lat' dir='ltr'><strong>Virtus,</strong></span> <span class='ocrx_word' id='word_1_15' title='bbox 292 253 387 286; x_wconf 87' lang='lat' dir='ltr'>aeger</span> <span class='ocrx_word' id='word_1_16' title='bbox 412 248 442 276; x_wconf 87' lang='lat' dir='ltr'>et</span> <span class='ocrx_word' id='word_1_17' title='bbox 468 246 615 280; x_wconf 82' lang='lat' dir='ltr'>laetatur.</span> <span class='ocrx_word' id='word_1_18' title='bbox 869 246 961 278; x_wconf 88' lang='lat' dir='ltr'>Assis</span> <span class='ocrx_word' id='word_1_19' title='bbox 984 255 1053 278; x_wconf 87' lang='lat' dir='ltr'>cum</span> <span class='ocrx_word' id='word_1_20' title='bbox 1076 245 1171 277; x_wconf 86' lang='lat' dir='ltr'>turba</span> <span class='ocrx_word' id='word_1_21' title='bbox 1195 245 1280 277; x_wconf 78' lang='lat' dir='ltr'>laeta</span> 
     </span>
    </p>

    <p class='ocr_par' dir='ltr' id='par_1_3' title="bbox 85 292 1340 436">
     <span class='ocr_line' id='line_1_5' title="bbox 85 292 1312 342; baseline -0.002 -6"><span class='ocrx_word' id='word_1_22' title='bbox 85 303 117 336; x_wconf 81' lang='lat'>4.</span> <span class='ocrx_word' id='word_1_23' title='bbox 145 302 171 335; x_wconf 91' lang='grc' dir='ltr'>Ο</span> <span class='ocrx_word' id='word_1_24' title='bbox 196 304 308 341; x_wconf 83' lang='lat' dir='ltr'>stupor</span> <span class='ocrx_word' id='word_1_25' title='bbox 331 310 463 342; x_wconf 82' lang='lat' dir='ltr'>magnae</span> <span class='ocrx_word' id='word_1_26' title='bbox 488 302 664 334; x_wconf 83' lang='lat' dir='ltr'>devotionis</span> <span class='ocrx_word' id='word_1_27' title='bbox 753 294 790 326; x_wconf 79' lang='lat' dir='ltr'>V·</span> <span class='ocrx_word' id='word_1_28' title='bbox 824 294 982 327; x_wconf 58' lang='lat' dir='ltr'>Christum</span> <span class='ocrx_word' id='word_1_29' title='bbox 1005 292 1097 324; x_wconf 71' lang='lat' dir='ltr'>DObiS</span> <span class='ocrx_word' id='word_1_30' title='bbox 1122 293 1312 333; x_wconf 65' lang='lat' dir='ltr'>Plassa’ffll&#39;usa</span> 
     </span>
     <span class='ocr_line' id='line_1_6' title="bbox 131 340 1340 389; baseline -0.009 -9"><span class='ocrx_word' id='word_1_31' title='bbox 131 348 308 389; x_wconf 76' lang='lat' dir='ltr'>‚Miraeque</span> <span class='ocrx_word' id='word_1_32' title='bbox 330 349 547 381; x_wconf 72' lang='lat' dir='ltr'>admirationis</span> <span class='ocrx_word' id='word_1_33' title='bbox 822 340 956 373; x_wconf 79' lang='lat' dir='ltr'>Hostem</span> <span class='ocrx_word' id='word_1_34' title='bbox 980 340 1070 371; x_wconf 88' lang='lat' dir='ltr'>nobis</span> <span class='ocrx_word' id='word_1_35' title='bbox 1096 344 1340 379; x_wconf 81' lang='lat' dir='ltr'>expugnaturus,</span> 
     </span>
     <span class='ocr_line' id='line_1_7' title="bbox 141 395 1237 436; baseline -0.001 -8"><span class='ocrx_word' id='word_1_36' title='bbox 141 396 180 428; x_wconf 91' lang='lat' dir='ltr'>In</span> <span class='ocrx_word' id='word_1_37' title='bbox 205 398 386 427; x_wconf 84' lang='lat' dir='ltr'>sanctorum</span> <span class='ocrx_word' id='word_1_38' title='bbox 409 395 565 436; x_wconf 82' lang='lat' dir='ltr'>passione,</span> <span class='ocrx_word' id='word_1_39' title='bbox 765 399 797 430; x_wconf 90' lang='lat'>4.</span> <span class='ocrx_word' id='word_1_40' title='bbox 823 397 848 430; x_wconf 94' lang='lat' dir='ltr'>O</span> <span class='ocrx_word' id='word_1_41' title='bbox 873 396 1053 435; x_wconf 78' lang='lat' dir='ltr'>praedulcis</span> <span class='ocrx_word' id='word_1_42' title='bbox 1076 395 1237 435; x_wconf 75' lang='lat' dir='ltr'>Amarine,</span> 
     </span>
    </p>
   </div>
   <div class='ocr_carea' id='block_1_3' title="bbox 824 152 1275 192">
    <p class='ocr_par' dir='ltr' id='par_1_4' title="bbox 824 152 1275 192">
     <span class='ocr_line' id='line_1_8' title="bbox 824 152 1275 192; baseline -0.004 -7"><span class='ocrx_word' id='word_1_43' title='bbox 824 153 901 186; x_wconf 81' lang='lat' dir='ltr'>Cum</span> <span class='ocrx_word' id='word_1_44' title='bbox 927 152 1054 191; x_wconf 86' lang='lat' dir='ltr'>antiquo</span> <span class='ocrx_word' id='word_1_45' title='bbox 1079 152 1275 192; x_wconf 72' lang='lat' dir='ltr'><strong>congressuri</strong></span> 
     </span>
    </p>
   </div>
   <div class='ocr_carea' id='block_1_4' title="bbox 143 442 627 529">
    <p class='ocr_par' dir='ltr' id='par_1_5' title="bbox 143 442 627 529">
     <span class='ocr_line' id='line_1_9' title="bbox 143 442 492 482; baseline 0.003 -8"><span class='ocrx_word' id='word_1_46' title='bbox 143 443 205 481; x_wconf 77' lang='lat' dir='ltr'>Qui</span> <span class='ocrx_word' id='word_1_47' title='bbox 227 442 299 482; x_wconf 85' lang='lat' dir='ltr'>pari</span> <span class='ocrx_word' id='word_1_48' title='bbox 325 442 492 475; x_wconf 82' lang='lat' dir='ltr'>devotione</span> 
     </span>
     <span class='ocr_line' id='line_1_10' title="bbox 144 489 627 529; baseline -0.004 -7"><span class='ocrx_word' id='word_1_49' title='bbox 144 489 259 522; x_wconf 83' lang='lat' dir='ltr'>Mortis</span> <span class='ocrx_word' id='word_1_50' title='bbox 284 497 402 529; x_wconf 84' lang='lat' dir='ltr'>poenas</span> <span class='ocrx_word' id='word_1_51' title='bbox 428 490 627 529; x_wconf 83' lang='lat' dir='ltr'>pertulerunt</span> 
     </span>
    </p>
   </div>
   <div class='ocr_carea' id='block_1_5' title="bbox 144 536 671 575">
    <p class='ocr_par' dir='ltr' id='par_1_6' title="bbox 144 536 671 575">
     <span class='ocr_line' id='line_1_11' title="bbox 144 536 671 575; baseline 0 -7"><span class='ocrx_word' id='word_1_52' title='bbox 144 537 189 568; x_wconf 86' lang='lat' dir='ltr'>Et</span> <span class='ocrx_word' id='word_1_53' title='bbox 212 536 254 568; x_wconf 87' lang='lat' dir='ltr'>ad</span> <span class='ocrx_word' id='word_1_54' title='bbox 277 537 381 568; x_wconf 74' lang='lat' dir='ltr'>caelos</span> <span class='ocrx_word' id='word_1_55' title='bbox 407 536 671 575; x_wconf 87' lang='lat' dir='ltr'>conscenderunt;</span> 
     </span>
    </p>
   </div>
   <div class='ocr_carea' id='block_1_6' title="bbox 76 583 524 710">
    <p class='ocr_par' dir='ltr' id='par_1_7' title="bbox 76 583 524 710">
     <span class='ocr_line' id='line_1_12' title="bbox 76 583 506 623; baseline -0.002 -7"><span class='ocrx_word' id='word_1_56' title='bbox 76 584 113 616; x_wconf 90' lang='lat' dir='ltr'>V.</span> <span class='ocrx_word' id='word_1_57' title='bbox 144 584 218 617; x_wconf 86' lang='lat' dir='ltr'>Una</span> <span class='ocrx_word' id='word_1_58' title='bbox 243 583 304 623; x_wconf 86' lang='lat' dir='ltr'>die,</span> <span class='ocrx_word' id='word_1_59' title='bbox 331 592 393 615; x_wconf 84' lang='lat' dir='ltr'>una</span> <span class='ocrx_word' id='word_1_60' title='bbox 417 583 506 623; x_wconf 78' lang='lat' dir='ltr'>hora,</span> 
     </span>
     <span class='ocr_line' id='line_1_13' title="bbox 144 630 524 663; baseline -0.003 0"><span class='ocrx_word' id='word_1_61' title='bbox 144 630 221 663; x_wconf 83' lang='lat' dir='ltr'>Pari</span> <span class='ocrx_word' id='word_1_62' title='bbox 245 632 319 662; x_wconf 90' lang='lat' dir='ltr'>voto</span> <span class='ocrx_word' id='word_1_63' title='bbox 343 630 412 662; x_wconf 86' lang='lat' dir='ltr'>sine</span> <span class='ocrx_word' id='word_1_64' title='bbox 435 639 524 662; x_wconf 83' lang='lat' dir='ltr'>mora</span> 
     </span>
     <span class='ocr_line' id='line_1_14' title="bbox 144 677 515 710; baseline 0.003 -1"><span class='ocrx_word' id='word_1_65' title='bbox 144 677 299 710; x_wconf 78' lang='lat' dir='ltr'>coronari</span> <span class='ocrx_word' id='word_1_66' title='bbox 323 679 515 710; x_wconf 82' lang='lat' dir='ltr'>meruerunt.</span> 
     </span>
    </p>
   </div>
   <div class='ocr_carea' id='block_1_7' title="bbox 207 816 564 850">
    <p class='ocr_par' dir='ltr' id='par_1_8' title="bbox 207 816 564 850">
     <span class='ocr_line' id='line_1_15' title="bbox 207 816 564 850; baseline 0 0"><span class='ocrx_word' id='word_1_67' title='bbox 207 817 253 849; x_wconf 89' lang='lat' dir='ltr'>In</span> <span class='ocrx_word' id='word_1_68' title='bbox 279 818 310 850; x_wconf 88' lang='lat'>3.</span> <span class='ocrx_word' id='word_1_69' title='bbox 338 816 564 850; x_wconf 87' lang='lat' dir='ltr'>Nocturno.</span> 
     </span>
    </p>
   </div>
   <div class='ocr_carea' id='block_1_8' title="bbox 284 899 484 928">
    <p class='ocr_par' dir='ltr' id='par_1_9' title="bbox 284 899 484 928">
     <span class='ocr_line' id='line_1_16' title="bbox 284 899 484 928; baseline 0 0"><span class='ocrx_word' id='word_1_70' title='bbox 284 899 332 928; x_wconf 88' lang='lat' dir='ltr'>Ad</span> <span class='ocrx_word' id='word_1_71' title='bbox 353 899 484 928; x_wconf 83' lang='lat' dir='ltr'>Cantica.</span> 
     </span>
    </p>
   </div>
   <div class='ocr_carea' id='block_1_9' title="bbox 73 967 619 1148">
    <p class='ocr_par' dir='ltr' id='par_1_10' title="bbox 73 967 619 1148">
     <span class='ocr_line' id='line_1_17' title="bbox 73 967 533 1008; baseline -0.007 -6"><span class='ocrx_word' id='word_1_72' title='bbox 73 970 113 1002; x_wconf 82' lang='lat' dir='ltr'>A.</span> <span class='ocrx_word' id='word_1_73' title='bbox 142 969 237 1002; x_wconf 83' lang='lat' dir='ltr'>Prior</span> <span class='ocrx_word' id='word_1_74' title='bbox 260 967 371 1000; x_wconf 84' lang='lat' dir='ltr'>mortis</span> <span class='ocrx_word' id='word_1_75' title='bbox 395 967 533 1008; x_wconf 80' lang='lat' dir='ltr'>gustavit</span> 
     </span>
     <span class='ocr_line' id='line_1_18' title="bbox 192 1014 534 1056; baseline -0.012 -7"><span class='ocrx_word' id='word_1_76' title='bbox 192 1014 329 1049; x_wconf 79' lang='lat' dir='ltr'>Calicem</span> <span class='ocrx_word' id='word_1_77' title='bbox 355 1014 534 1056; x_wconf 64' lang='lat' dir='ltr'>Amerinus,</span> 
     </span>
     <span class='ocr_line' id='line_1_19' title="bbox 148 1060 619 1095; baseline -0.006 0"><span class='ocrx_word' id='word_1_78' title='bbox 148 1063 225 1095; x_wconf 84' lang='lat' dir='ltr'>Post</span> <span class='ocrx_word' id='word_1_79' title='bbox 248 1062 431 1095; x_wconf 83' lang='lat' dir='ltr'>Praeiectus</span> <span class='ocrx_word' id='word_1_80' title='bbox 455 1060 619 1093; x_wconf 85' lang='lat' dir='ltr'>inclinavit</span> 
     </span>
     <span class='ocr_line' id='line_1_20' title="bbox 193 1109 401 1148; baseline 0 -7"><span class='ocrx_word' id='word_1_81' title='bbox 193 1109 235 1141; x_wconf 89' lang='lat' dir='ltr'>Se</span> <span class='ocrx_word' id='word_1_82' title='bbox 258 1109 401 1148; x_wconf 82' lang='lat' dir='ltr'>supinus.</span> 
     </span>
    </p>
   </div>
   <div class='ocr_carea' id='block_1_10' title="bbox 283 1193 490 1227">
    <p class='ocr_par' dir='ltr' id='par_1_11' title="bbox 283 1193 490 1227">
     <span class='ocr_line' id='line_1_21' title="bbox 283 1193 490 1227; baseline -0.01 -7"><span class='ocrx_word' id='word_1_83' title='bbox 283 1193 490 1227; x_wconf 80' lang='lat' dir='ltr'>Responsoria.</span> 
     </span>
    </p>
   </div>
   <div class='ocr_carea' id='block_1_11' title="bbox 72 1258 629 2152">
    <p class='ocr_par' dir='ltr' id='par_1_12' title="bbox 88 1258 549 1299">
     <span class='ocr_line' id='line_1_22' title="bbox 88 1258 549 1299; baseline -0.007 -6"><span class='ocrx_word' id='word_1_84' title='bbox 88 1260 119 1293; x_wconf 86' lang='lat'>1.</span> <span class='ocrx_word' id='word_1_85' title='bbox 144 1261 281 1293; x_wconf 87' lang='lat' dir='ltr'>Peracta</span> <span class='ocrx_word' id='word_1_86' title='bbox 304 1260 367 1291; x_wconf 86' lang='lat' dir='ltr'>iam</span> <span class='ocrx_word' id='word_1_87' title='bbox 391 1258 549 1299; x_wconf 73' lang='lat' dir='ltr'>legatione</span> 
     </span>
    </p>

    <p class='ocr_par' dir='ltr' id='par_1_13' title="bbox 144 1305 619 1393">
     <span class='ocr_line' id='line_1_23' title="bbox 144 1305 619 1339; baseline -0.006 0"><span class='ocrx_word' id='word_1_88' title='bbox 144 1306 328 1339; x_wconf 83' lang='lat' dir='ltr'>Praeiectus</span> <span class='ocrx_word' id='word_1_89' title='bbox 355 1314 425 1337; x_wconf 83' lang='lat' dir='ltr'>cum</span> <span class='ocrx_word' id='word_1_90' title='bbox 452 1305 619 1339; x_wconf 81' lang='lat' dir='ltr'>devotione</span> 
     </span>
     <span class='ocr_line' id='line_1_24' title="bbox 191 1353 511 1393; baseline -0.003 -8"><span class='ocrx_word' id='word_1_91' title='bbox 191 1353 245 1385; x_wconf 82' lang='lat' dir='ltr'>Ad</span> <span class='ocrx_word' id='word_1_92' title='bbox 269 1362 326 1385; x_wconf 89' lang='lat' dir='ltr'>sua</span> <span class='ocrx_word' id='word_1_93' title='bbox 349 1353 511 1393; x_wconf 87' lang='lat' dir='ltr'>remeavit,</span> 
     </span>
    </p>

    <p class='ocr_par' dir='ltr' id='par_1_14' title="bbox 143 1400 601 1440">
     <span class='ocr_line' id='line_1_25' title="bbox 143 1400 601 1440; baseline -0.002 -8"><span class='ocrx_word' id='word_1_94' title='bbox 143 1401 210 1440; x_wconf 76' lang='lat' dir='ltr'>Quo</span> <span class='ocrx_word' id='word_1_95' title='bbox 237 1403 397 1440; x_wconf 88' lang='lat' dir='ltr'>comperto</span> <span class='ocrx_word' id='word_1_96' title='bbox 421 1400 601 1439; x_wconf 57' lang='lat' dir='ltr'>Amen-inus,</span> 
     </span>
    </p>

    <p class='ocr_par' dir='ltr' id='par_1_15' title="bbox 145 1446 629 1534">
     <span class='ocr_line' id='line_1_26' title="bbox 145 1446 629 1490; baseline -0.002 -11"><span class='ocrx_word' id='word_1_97' title='bbox 145 1447 288 1486; x_wconf 82' lang='lat' dir='ltr'>Simplex</span> <span class='ocrx_word' id='word_1_98' title='bbox 312 1446 399 1479; x_wconf 87' lang='lat' dir='ltr'>velut</span> <span class='ocrx_word' id='word_1_99' title='bbox 423 1446 629 1490; x_wconf 82' lang='lat' dir='ltr'>columbinus,</span> 
     </span>
     <span class='ocr_line' id='line_1_27' title="bbox 190 1494 560 1534; baseline -0.003 -8"><span class='ocrx_word' id='word_1_100' title='bbox 190 1494 285 1526; x_wconf 79' lang='lat' dir='ltr'>Hunc</span> <span class='ocrx_word' id='word_1_101' title='bbox 308 1494 397 1534; x_wconf 86' lang='lat' dir='ltr'>sequi</span> <span class='ocrx_word' id='word_1_102' title='bbox 421 1494 560 1534; x_wconf 78' lang='lat' dir='ltr'>curavit3</span> 
     </span>
    </p>

    <p class='ocr_par' dir='ltr' id='par_1_16' title="bbox 72 1541 478 1578">
     <span class='ocr_line' id='line_1_28' title="bbox 72 1541 478 1578; baseline -0.005 -4"><span class='ocrx_word' id='word_1_103' title='bbox 72 1543 112 1578; x_wconf 80' lang='lat' dir='ltr'>V.</span> <span class='ocrx_word' id='word_1_104' title='bbox 140 1541 294 1574; x_wconf 87' lang='lat' dir='ltr'>Ferventi</span> <span class='ocrx_word' id='word_1_105' title='bbox 320 1541 478 1573; x_wconf 87' lang='lat' dir='ltr'>desiderio</span> 
     </span>
    </p>

    <p class='ocr_par' dir='ltr' id='par_1_17' title="bbox 144 1587 475 1668">
     <span class='ocr_line' id='line_1_29' title="bbox 144 1587 465 1628; baseline -0.006 -7"><span class='ocrx_word' id='word_1_106' title='bbox 144 1588 223 1621; x_wconf 84' lang='lat' dir='ltr'>Eius</span> <span class='ocrx_word' id='word_1_107' title='bbox 248 1587 306 1620; x_wconf 89' lang='lat' dir='ltr'>sub</span> <span class='ocrx_word' id='word_1_108' title='bbox 331 1588 465 1628; x_wconf 86' lang='lat' dir='ltr'>imperio</span> 
     </span>
     <span class='ocr_line' id='line_1_30' title="bbox 190 1635 475 1668; baseline -0.004 0"><span class='ocrx_word' id='word_1_109' title='bbox 190 1635 272 1668; x_wconf 85' lang='lat' dir='ltr'>Esse</span> <span class='ocrx_word' id='word_1_110' title='bbox 295 1635 475 1668; x_wconf 86' lang='lat' dir='ltr'>destinavit.</span> 
     </span>
    </p>

    <p class='ocr_par' dir='ltr' id='par_1_18' title="bbox 87 1690 534 1781">
     <span class='ocr_line' id='line_1_31' title="bbox 87 1690 509 1732; baseline -0.009 -6"><span class='ocrx_word' id='word_1_111' title='bbox 87 1694 119 1726; x_wconf 82' lang='lat'>2.</span> <span class='ocrx_word' id='word_1_112' title='bbox 145 1691 266 1732; x_wconf 82' lang='lat' dir='ltr'>Gaude,</span> <span class='ocrx_word' id='word_1_113' title='bbox 294 1690 374 1724; x_wconf 78' lang='lat' dir='ltr'>felix</span> <span class='ocrx_word' id='word_1_114' title='bbox 398 1691 509 1723; x_wconf 82' lang='lat' dir='ltr'>civitas</span> 
     </span>
     <span class='ocr_line' id='line_1_32' title="bbox 192 1738 534 1781; baseline -0.006 -10"><span class='ocrx_word' id='word_1_115' title='bbox 192 1738 302 1771; x_wconf 83' lang='lat' dir='ltr'>Plebis</span> <span class='ocrx_word' id='word_1_116' title='bbox 325 1739 534 1781; x_wconf 71' lang='lat' dir='ltr'>Avernorum,</span> 
     </span>
    </p>

    <p class='ocr_par' dir='ltr' id='par_1_19' title="bbox 144 1783 587 1920">
     <span class='ocr_line' id='line_1_33' title="bbox 144 1783 558 1826; baseline -0.005 -7"><span class='ocrx_word' id='word_1_117' title='bbox 144 1787 184 1819; x_wconf 86' lang='lat' dir='ltr'>In</span> <span class='ocrx_word' id='word_1_118' title='bbox 209 1795 270 1826; x_wconf 86' lang='lat' dir='ltr'>qua</span> <span class='ocrx_word' id='word_1_119' title='bbox 293 1794 378 1817; x_wconf 89' lang='lat' dir='ltr'>nunc</span> <span class='ocrx_word' id='word_1_120' title='bbox 401 1783 558 1817; x_wconf 72' lang='lat' dir='ltr'>festivitas</span> 
     </span>
     <span class='ocr_line' id='line_1_34' title="bbox 195 1833 521 1866; baseline -0.009 0"><span class='ocrx_word' id='word_1_121' title='bbox 195 1833 316 1866; x_wconf 76' lang='lat' dir='ltr'>Colitur</span> <span class='ocrx_word' id='word_1_122' title='bbox 341 1835 521 1865; x_wconf 87' lang='lat' dir='ltr'>sanctorum</span> 
     </span>
     <span class='ocr_line' id='line_1_35' title="bbox 192 1879 587 1920; baseline -0.005 -7"><span class='ocrx_word' id='word_1_123' title='bbox 192 1879 351 1913; x_wconf 84' lang='lat' dir='ltr'>Praeiecti</span> <span class='ocrx_word' id='word_1_124' title='bbox 376 1882 408 1911; x_wconf 89' lang='lat' dir='ltr'>et</span> <span class='ocrx_word' id='word_1_125' title='bbox 431 1879 587 1920; x_wconf 70' lang='lat' dir='ltr'>Amerini,</span> 
     </span>
    </p>

    <p class='ocr_par' dir='ltr' id='par_1_20' title="bbox 144 1927 572 1970">
     <span class='ocr_line' id='line_1_36' title="bbox 144 1927 572 1970; baseline 0 -10"><span class='ocrx_word' id='word_1_126' title='bbox 144 1928 203 1970; x_wconf 77' lang='lat' dir='ltr'>Qui</span> <span class='ocrx_word' id='word_1_127' title='bbox 227 1929 385 1960; x_wconf 79' lang='lat' dir='ltr'>laetanter</span> <span class='ocrx_word' id='word_1_128' title='bbox 407 1936 469 1959; x_wconf 86' lang='lat' dir='ltr'>una</span> <span class='ocrx_word' id='word_1_129' title='bbox 491 1927 572 1960; x_wconf 85' lang='lat' dir='ltr'>hora</span> 
     </span>
    </p>

    <p class='ocr_par' dir='ltr' id='par_1_21' title="bbox 143 1976 535 2063">
     <span class='ocr_line' id='line_1_37' title="bbox 143 1976 535 2008; baseline 0 0"><span class='ocrx_word' id='word_1_130' title='bbox 143 1976 332 2008; x_wconf 85' lang='lat' dir='ltr'>Meruerunt</span> <span class='ocrx_word' id='word_1_131' title='bbox 353 1976 422 2007; x_wconf 87' lang='lat' dir='ltr'>sine</span> <span class='ocrx_word' id='word_1_132' title='bbox 446 1983 535 2008; x_wconf 87' lang='lat' dir='ltr'>mora</span> 
     </span>
     <span class='ocr_line' id='line_1_38' title="bbox 192 2022 449 2063; baseline -0.004 -7"><span class='ocrx_word' id='word_1_133' title='bbox 192 2022 344 2056; x_wconf 84' lang='lat' dir='ltr'>Coronari</span> <span class='ocrx_word' id='word_1_134' title='bbox 368 2023 449 2063; x_wconf 87' lang='lat' dir='ltr'>bini,</span> 
     </span>
    </p>

    <p class='ocr_par' dir='ltr' id='par_1_22' title="bbox 74 2070 472 2104">
     <span class='ocr_line' id='line_1_39' title="bbox 74 2070 472 2104; baseline 0 -2"><span class='ocrx_word' id='word_1_135' title='bbox 74 2070 110 2104; x_wconf 89' lang='lat' dir='ltr'>V.</span> <span class='ocrx_word' id='word_1_136' title='bbox 141 2071 255 2104; x_wconf 80' lang='lat' dir='ltr'>Mundi</span> <span class='ocrx_word' id='word_1_137' title='bbox 281 2071 321 2103; x_wconf 86' lang='lat' dir='ltr'>de</span> <span class='ocrx_word' id='word_1_138' title='bbox 345 2070 472 2102; x_wconf 85' lang='lat' dir='ltr'>miseria</span> 
     </span>
    </p>

    <p class='ocr_par' dir='ltr' id='par_1_23' title="bbox 144 2117 519 2152">
     <span class='ocr_line' id='line_1_40' title="bbox 144 2117 519 2152; baseline 0.003 -1"><span class='ocrx_word' id='word_1_139' title='bbox 144 2117 268 2151; x_wconf 79' lang='lat' dir='ltr'>Sublati</span> <span class='ocrx_word' id='word_1_140' title='bbox 293 2118 335 2150; x_wconf 84' lang='lat' dir='ltr'>ad</span> <span class='ocrx_word' id='word_1_141' title='bbox 360 2118 519 2152; x_wconf 85' lang='lat' dir='ltr'>aetherea.</span> 
     </span>
    </p>
   </div>
   <div class='ocr_carea' id='block_1_12' title="bbox 85 2175 653 2359">
    <p class='ocr_par' dir='ltr' id='par_1_24' title="bbox 85 2175 653 2359">
     <span class='ocr_line' id='line_1_41' title="bbox 85 2175 646 2216; baseline -0.005 -6"><span class='ocrx_word' id='word_1_142' title='bbox 85 2176 116 2210; x_wconf 80' lang='lat'>3.</span> <span class='ocrx_word' id='word_1_143' title='bbox 143 2175 167 2209; x_wconf 93' lang='lat' dir='ltr'>O</span> <span class='ocrx_word' id='word_1_144' title='bbox 192 2175 368 2215; x_wconf 86' lang='lat' dir='ltr'>Praeiecte,</span> <span class='ocrx_word' id='word_1_145' title='bbox 395 2176 439 2208; x_wconf 88' lang='lat' dir='ltr'>sis</span> <span class='ocrx_word' id='word_1_146' title='bbox 465 2175 646 2216; x_wconf 85' lang='lat' dir='ltr'>praeiactus</span> 
     </span>
     <span class='ocr_line' id='line_1_42' title="bbox 192 2222 546 2266; baseline -0.003 -11"><span class='ocrx_word' id='word_1_147' title='bbox 192 2223 286 2255; x_wconf 87' lang='lat' dir='ltr'>Velut</span> <span class='ocrx_word' id='word_1_148' title='bbox 308 2222 391 2255; x_wconf 82' lang='lat' dir='ltr'>fidus</span> <span class='ocrx_word' id='word_1_149' title='bbox 416 2223 546 2266; x_wconf 85' lang='lat' dir='ltr'>athleta,</span> 
     </span>
     <span class='ocr_line' id='line_1_43' title="bbox 144 2270 653 2311; baseline -0.002 -8"><span class='ocrx_word' id='word_1_150' title='bbox 144 2270 274 2310; x_wconf 78' lang='lat' dir='ltr'>Quando</span> <span class='ocrx_word' id='word_1_151' title='bbox 300 2280 428 2311; x_wconf 85' lang='lat' dir='ltr'>campus</span> <span class='ocrx_word' id='word_1_152' title='bbox 454 2270 514 2303; x_wconf 86' lang='lat' dir='ltr'>erit</span> <span class='ocrx_word' id='word_1_153' title='bbox 539 2270 653 2311; x_wconf 84' lang='lat' dir='ltr'>factus,</span> 
     </span>
     <span class='ocr_line' id='line_1_44' title="bbox 188 2318 493 2359; baseline -0.016 -5"><span class='ocrx_word' id='word_1_154' title='bbox 188 2318 376 2359; x_wconf 80' lang='lat' dir='ltr'>Exponetur</span> <span class='ocrx_word' id='word_1_155' title='bbox 398 2320 493 2359; x_wconf 78' lang='lat' dir='ltr'>meta,</span> 
     </span>
    </p>
   </div>
   <div class='ocr_carea' id='block_1_13' title="bbox 823 443 1372 718">
    <p class='ocr_par' dir='ltr' id='par_1_25' title="bbox 823 443 1285 530">
     <span class='ocr_line' id='line_1_45' title="bbox 868 443 1285 483; baseline 0 -9"><span class='ocrx_word' id='word_1_156' title='bbox 868 443 927 475; x_wconf 85' lang='lat' dir='ltr'>Pie</span> <span class='ocrx_word' id='word_1_157' title='bbox 950 446 1060 483; x_wconf 85' lang='lat' dir='ltr'>pastor</span> <span class='ocrx_word' id='word_1_158' title='bbox 1086 445 1118 474; x_wconf 89' lang='lat' dir='ltr'>et</span> <span class='ocrx_word' id='word_1_159' title='bbox 1140 444 1285 483; x_wconf 86' lang='lat' dir='ltr'>pat-rone,</span> 
     </span>
     <span class='ocr_line' id='line_1_46' title="bbox 823 490 1221 530; baseline -0.008 -7"><span class='ocrx_word' id='word_1_160' title='bbox 823 491 887 523; x_wconf 83' lang='lat' dir='ltr'>Ora</span> <span class='ocrx_word' id='word_1_161' title='bbox 910 490 1022 530; x_wconf 86' lang='lat' dir='ltr'>Deum,</span> <span class='ocrx_word' id='word_1_162' title='bbox 1047 499 1087 521; x_wconf 87' lang='lat' dir='ltr'>ne</span> <span class='ocrx_word' id='word_1_163' title='bbox 1112 490 1221 521; x_wconf 83' lang='lat' dir='ltr'>ruinae</span> 
     </span>
    </p>

    <p class='ocr_par' dir='ltr' id='par_1_26' title="bbox 823 537 1372 670">
     <span class='ocr_line' id='line_1_47' title="bbox 870 537 1372 576; baseline -0.004 -7"><span class='ocrx_word' id='word_1_164' title='bbox 870 537 943 569; x_wconf 83' lang='lat' dir='ltr'>Non</span> <span class='ocrx_word' id='word_1_165' title='bbox 969 545 1027 568; x_wconf 87' lang='lat' dir='ltr'>nos</span> <span class='ocrx_word' id='word_1_166' title='bbox 1051 538 1183 576; x_wconf 80' lang='lat' dir='ltr'>tangant</span> <span class='ocrx_word' id='word_1_167' title='bbox 1205 537 1238 567; x_wconf 91' lang='lat' dir='ltr'>in</span> <span class='ocrx_word' id='word_1_168' title='bbox 1263 544 1372 576; x_wconf 84' lang='lat' dir='ltr'>agone.</span> 
     </span>
     <span class='ocr_line' id='line_1_48' title="bbox 823 583 1231 626; baseline -0.005 -10"><span class='ocrx_word' id='word_1_169' title='bbox 823 583 947 616; x_wconf 83' lang='lat' dir='ltr'>Nomen</span> <span class='ocrx_word' id='word_1_170' title='bbox 970 583 1009 614; x_wconf 72' lang='lat' dir='ltr'>‘m</span> <span class='ocrx_word' id='word_1_171' title='bbox 1031 583 1231 626; x_wconf 61' lang='lat' dir='ltr'>epenticafit,</span> 
     </span>
     <span class='ocr_line' id='line_1_49' title="bbox 823 629 1288 670; baseline -0.004 -7"><span class='ocrx_word' id='word_1_172' title='bbox 823 631 913 670; x_wconf 81' lang='lat' dir='ltr'>Quod</span> <span class='ocrx_word' id='word_1_173' title='bbox 937 639 1078 663; x_wconf 86' lang='lat' dir='ltr'>amarum</span> <span class='ocrx_word' id='word_1_174' title='bbox 1103 629 1288 670; x_wconf 73' lang='lat' dir='ltr'>dulcoravit,</span> 
     </span>
    </p>

    <p class='ocr_par' dir='ltr' id='par_1_27' title="bbox 871 677 1294 718">
     <span class='ocr_line' id='line_1_50' title="bbox 871 677 1294 718; baseline -0.005 -8"><span class='ocrx_word' id='word_1_175' title='bbox 871 678 897 718; x_wconf 84' lang='grc' dir='ltr'>Ι,</span> <span class='ocrx_word' id='word_1_176' title='bbox 924 686 945 709; x_wconf 91' lang='lat' dir='ltr'>n</span> <span class='ocrx_word' id='word_1_177' title='bbox 969 686 1042 717; x_wconf 85' lang='lat' dir='ltr'>ergo</span> <span class='ocrx_word' id='word_1_178' title='bbox 1066 686 1129 709; x_wconf 82' lang='lat' dir='ltr'>non</span> <span class='ocrx_word' id='word_1_179' title='bbox 1154 677 1294 717; x_wconf 82' lang='lat' dir='ltr'>depone3</span> 
     </span>
    </p>
   </div>
   <div class='ocr_carea' id='block_1_14' title="bbox 785 723 1233 764">
    <p class='ocr_par' dir='ltr' id='par_1_28' title="bbox 785 723 1233 764">
     <span class='ocr_line' id='line_1_51' title="bbox 785 723 1233 764; baseline -0.007 -7"><span class='ocrx_word' id='word_1_180' title='bbox 785 748 792 757; x_wconf 89' lang='lat'>.</span> <span class='ocrx_word' id='word_1_181' title='bbox 821 726 866 759; x_wconf 84' lang='lat' dir='ltr'>Ut</span> <span class='ocrx_word' id='word_1_182' title='bbox 889 733 1003 756; x_wconf 89' lang='lat' dir='ltr'>nomen</span> <span class='ocrx_word' id='word_1_183' title='bbox 1027 723 1233 764; x_wconf 83' lang='lat' dir='ltr'>amplificavit</span> 
     </span>
    </p>
   </div>
   <div class='ocr_carea' id='block_1_15' title="bbox 825 770 1246 902">
    <p class='ocr_par' dir='ltr' id='par_1_29' title="bbox 825 770 1246 902">
     <span class='ocr_line' id='line_1_52' title="bbox 872 770 1246 811; baseline 0 -9"><span class='ocrx_word' id='word_1_184' title='bbox 872 770 1053 803; x_wconf 88' lang='lat' dir='ltr'>Literarum</span> <span class='ocrx_word' id='word_1_185' title='bbox 1078 770 1246 811; x_wconf 80' lang='lat' dir='ltr'>quantitas,</span> 
     </span>
     <span class='ocr_line' id='line_1_53' title="bbox 825 817 1230 850; baseline 0 -2"><span class='ocrx_word' id='word_1_186' title='bbox 825 817 878 849; x_wconf 84' lang='lat' dir='ltr'>Sic</span> <span class='ocrx_word' id='word_1_187' title='bbox 901 820 1038 849; x_wconf 84' lang='lat' dir='ltr'>mentem</span> <span class='ocrx_word' id='word_1_188' title='bbox 1061 817 1230 850; x_wconf 82' lang='lat' dir='ltr'>irradiavit</span> 
     </span>
     <span class='ocr_line' id='line_1_54' title="bbox 872 863 1232 902; baseline 0 -6"><span class='ocrx_word' id='word_1_189' title='bbox 872 864 1031 896; x_wconf 83' lang='lat' dir='ltr'>Virtutum</span> <span class='ocrx_word' id='word_1_190' title='bbox 1055 863 1232 902; x_wconf 79' lang='lat' dir='ltr'>pluralitas,</span> 
     </span>
    </p>
   </div>
   <div class='ocr_carea' id='block_1_16' title="bbox 917 1002 1214 1122">
    <p class='ocr_par' dir='ltr' id='par_1_30' title="bbox 917 1002 1214 1122">
     <span class='ocr_line' id='line_1_55' title="bbox 917 1002 1214 1037; baseline 0.003 -2"><span class='ocrx_word' id='word_1_191' title='bbox 917 1003 934 1035; x_wconf 92' lang='lat' dir='ltr'>I</span> <span class='ocrx_word' id='word_1_192' title='bbox 942 1013 964 1035; x_wconf 89' lang='lat' dir='ltr'>n</span> <span class='ocrx_word' id='word_1_193' title='bbox 985 1002 1013 1035; x_wconf 89' lang='lat' dir='ltr'>L</span> <span class='ocrx_word' id='word_1_194' title='bbox 1021 1012 1040 1034; x_wconf 86' lang='lat' dir='ltr'>a</span> <span class='ocrx_word' id='word_1_195' title='bbox 1047 1011 1069 1035; x_wconf 90' lang='lat' dir='ltr'>u</span> <span class='ocrx_word' id='word_1_196' title='bbox 1079 1003 1098 1035; x_wconf 90' lang='lat' dir='ltr'>d</span> <span class='ocrx_word' id='word_1_197' title='bbox 1109 1003 1149 1035; x_wconf 90' lang='lat' dir='ltr'>ib</span> <span class='ocrx_word' id='word_1_198' title='bbox 1157 1011 1179 1034; x_wconf 93' lang='lat' dir='ltr'>u</span> <span class='ocrx_word' id='word_1_199' title='bbox 1187 1012 1214 1037; x_wconf 84' lang='lat' dir='ltr'>s,</span> 
     </span>
     <span class='ocr_line' id='line_1_56' title="bbox 971 1086 1166 1122; baseline 0 -8"><span class='ocrx_word' id='word_1_200' title='bbox 971 1086 1166 1122; x_wconf 70' lang='lat' dir='ltr'>Antiphonae.</span> 
     </span>
    </p>
   </div>
   <div class='ocr_carea' id='block_1_17' title="bbox 792 1143 1224 1184">
    <p class='ocr_par' dir='ltr' id='par_1_31' title="bbox 792 1143 1224 1184">
     <span class='ocr_line' id='line_1_57' title="bbox 792 1143 1224 1184; baseline -0.002 -8"><span class='ocrx_word' id='word_1_201' title='bbox 792 1169 799 1176; x_wconf 89' lang='lat'><strong>.</strong></span> <span class='ocrx_word' id='word_1_202' title='bbox 825 1145 850 1177; x_wconf 94' lang='grc' dir='ltr'>Ο</span> <span class='ocrx_word' id='word_1_203' title='bbox 877 1143 995 1178; x_wconf 85' lang='lat' dir='ltr'>Christi</span> <span class='ocrx_word' id='word_1_204' title='bbox 1017 1143 1099 1176; x_wconf 87' lang='lat' dir='ltr'>mira</span> <span class='ocrx_word' id='word_1_205' title='bbox 1120 1144 1224 1184; x_wconf 86' lang='lat' dir='ltr'>pietas</span> 
     </span>
    </p>
   </div>
   <div class='ocr_carea' id='block_1_18' title="bbox 825 1191 1336 1419">
    <p class='ocr_par' dir='ltr' id='par_1_32' title="bbox 825 1191 1218 1231">
     <span class='ocr_line' id='line_1_58' title="bbox 825 1191 1218 1231; baseline -0.003 -8"><span class='ocrx_word' id='word_1_206' title='bbox 825 1191 984 1223; x_wconf 85' lang='lat' dir='ltr'>Virtutum</span> <span class='ocrx_word' id='word_1_207' title='bbox 1009 1193 1042 1222; x_wconf 90' lang='lat' dir='ltr'>et</span> <span class='ocrx_word' id='word_1_208' title='bbox 1062 1191 1218 1231; x_wconf 82' lang='lat' dir='ltr'>nimietas,</span> 
     </span>
    </p>

    <p class='ocr_par' dir='ltr' id='par_1_33' title="bbox 825 1236 1336 1371">
     <span class='ocr_line' id='line_1_59' title="bbox 874 1236 1336 1277; baseline 0 -8"><span class='ocrx_word' id='word_1_209' title='bbox 874 1239 961 1277; x_wconf 76' lang='lat' dir='ltr'>Quae</span> <span class='ocrx_word' id='word_1_210' title='bbox 984 1236 1077 1270; x_wconf 79' lang='lat' dir='ltr'>fulsit</span> <span class='ocrx_word' id='word_1_211' title='bbox 1098 1238 1131 1270; x_wconf 85' lang='lat' dir='ltr'>iu</span> <span class='ocrx_word' id='word_1_212' title='bbox 1156 1239 1336 1270; x_wconf 71' lang='lat' dir='ltr'>sanctorum</span> 
     </span>
     <span class='ocr_line' id='line_1_60' title="bbox 825 1285 1196 1325; baseline -0.003 -8"><span class='ocrx_word' id='word_1_213' title='bbox 825 1285 1003 1324; x_wconf 81' lang='lat' dir='ltr'>Martyrum</span> <span class='ocrx_word' id='word_1_214' title='bbox 1029 1285 1196 1325; x_wconf 90' lang='lat' dir='ltr'>consortio,</span> 
     </span>
     <span class='ocr_line' id='line_1_61' title="bbox 826 1332 1191 1371; baseline 0 -7"><span class='ocrx_word' id='word_1_215' title='bbox 826 1332 964 1370; x_wconf 77' lang='lat' dir='ltr'>Quorum</span> <span class='ocrx_word' id='word_1_216' title='bbox 987 1340 1063 1364; x_wconf 86' lang='lat' dir='ltr'>vera</span> <span class='ocrx_word' id='word_1_217' title='bbox 1086 1332 1191 1371; x_wconf 87' lang='lat' dir='ltr'>portio</span> 
     </span>
    </p>

    <p class='ocr_par' dir='ltr' id='par_1_34' title="bbox 869 1379 1294 1419">
     <span class='ocr_line' id='line_1_62' title="bbox 869 1379 1294 1419; baseline 0 -8"><span class='ocrx_word' id='word_1_218' title='bbox 869 1379 930 1411; x_wconf 84' lang='lat' dir='ltr'>Est</span> <span class='ocrx_word' id='word_1_219' title='bbox 953 1379 1098 1419; x_wconf 85' lang='lat' dir='ltr'>gaudium</span> <span class='ocrx_word' id='word_1_220' title='bbox 1128 1379 1294 1411; x_wconf 85' lang='lat' dir='ltr'>caelorum.</span> 
     </span>
    </p>
   </div>
   <div class='ocr_carea' id='block_1_19' title="bbox 793 1434 1134 1470">
    <p class='ocr_par' dir='ltr' id='par_1_35' title="bbox 793 1434 1134 1470">
     <span class='ocr_line' id='line_1_63' title="bbox 793 1434 1134 1470; baseline -0.009 0"><span class='ocrx_word' id='word_1_221' title='bbox 793 1462 800 1470; x_wconf 95' lang='lat'><strong>.</strong></span> <span class='ocrx_word' id='word_1_222' title='bbox 826 1435 948 1467; x_wconf 86' lang='lat' dir='ltr'>Horum</span> <span class='ocrx_word' id='word_1_223' title='bbox 974 1434 1134 1467; x_wconf 80' lang='lat' dir='ltr'>desideria</span> 
     </span>
    </p>
   </div>
   <div class='ocr_carea' id='block_1_20' title="bbox 824 1482 1221 1611">
    <p class='ocr_par' dir='ltr' id='par_1_36' title="bbox 824 1482 1221 1611">
     <span class='ocr_line' id='line_1_64' title="bbox 873 1482 1221 1515; baseline -0.003 -1"><span class='ocrx_word' id='word_1_224' title='bbox 873 1482 952 1515; x_wconf 83' lang='lat' dir='ltr'>Gum</span> <span class='ocrx_word' id='word_1_225' title='bbox 975 1485 1081 1513; x_wconf 88' lang='lat' dir='ltr'>mente</span> <span class='ocrx_word' id='word_1_226' title='bbox 1107 1482 1221 1514; x_wconf 86' lang='lat' dir='ltr'>devota</span> 
     </span>
     <span class='ocr_line' id='line_1_65' title="bbox 824 1528 1132 1561; baseline -0.003 0"><span class='ocrx_word' id='word_1_227' title='bbox 824 1529 916 1561; x_wconf 86' lang='lat' dir='ltr'>Circa</span> <span class='ocrx_word' id='word_1_228' title='bbox 939 1528 1132 1560; x_wconf 84' lang='lat' dir='ltr'>monasteria</span> 
     </span>
     <span class='ocr_line' id='line_1_66' title="bbox 870 1575 1181 1611; baseline -0.006 -2"><span class='ocrx_word' id='word_1_229' title='bbox 870 1575 1081 1609; x_wconf 83' lang='lat' dir='ltr'>Desudabant</span> <span class='ocrx_word' id='word_1_230' title='bbox 1103 1577 1181 1611; x_wconf 80' lang='lat' dir='ltr'>tota.</span> 
     </span>
    </p>
   </div>
   <div class='ocr_carea' id='block_1_21' title="bbox 791 1632 1208 1666">
    <p class='ocr_par' dir='ltr' id='par_1_37' title="bbox 791 1632 1208 1666">
     <span class='ocr_line' id='line_1_67' title="bbox 791 1632 1208 1666; baseline -0.005 0"><span class='ocrx_word' id='word_1_231' title='bbox 791 1658 799 1666; x_wconf 90' lang='lat'><em>.</em></span> <span class='ocrx_word' id='word_1_232' title='bbox 825 1632 903 1665; x_wconf 86' lang='lat' dir='ltr'>Pari</span> <span class='ocrx_word' id='word_1_233' title='bbox 926 1634 1000 1665; x_wconf 84' lang='lat' dir='ltr'>voto</span> <span class='ocrx_word' id='word_1_234' title='bbox 1025 1632 1094 1664; x_wconf 90' lang='lat' dir='ltr'>sine</span> <span class='ocrx_word' id='word_1_235' title='bbox 1118 1641 1208 1664; x_wconf 88' lang='lat' dir='ltr'>mora</span> 
     </span>
    </p>
   </div>
   <div class='ocr_carea' id='block_1_22' title="bbox 826 1679 1282 1910">
    <p class='ocr_par' dir='ltr' id='par_1_38' title="bbox 827 1679 1224 1766">
     <span class='ocr_line' id='line_1_68' title="bbox 827 1679 1178 1720; baseline -0.009 -6"><span class='ocrx_word' id='word_1_236' title='bbox 827 1681 902 1714; x_wconf 81' lang='lat' dir='ltr'>Una</span> <span class='ocrx_word' id='word_1_237' title='bbox 926 1680 987 1720; x_wconf 83' lang='lat' dir='ltr'>die,</span> <span class='ocrx_word' id='word_1_238' title='bbox 1014 1689 1076 1712; x_wconf 86' lang='lat' dir='ltr'>una</span> <span class='ocrx_word' id='word_1_239' title='bbox 1098 1679 1178 1712; x_wconf 77' lang='lat' dir='ltr'>hora</span> 
     </span>
     <span class='ocr_line' id='line_1_69' title="bbox 872 1726 1224 1766; baseline -0.003 -6"><span class='ocrx_word' id='word_1_240' title='bbox 872 1726 973 1760; x_wconf 86' lang='lat' dir='ltr'>Morti</span> <span class='ocrx_word' id='word_1_241' title='bbox 996 1730 1070 1759; x_wconf 86' lang='lat' dir='ltr'>sunt</span> <span class='ocrx_word' id='word_1_242' title='bbox 1091 1727 1224 1766; x_wconf 78' lang='lat' dir='ltr'>addicti,</span> 
     </span>
    </p>

    <p class='ocr_par' dir='ltr' id='par_1_39' title="bbox 827 1774 1223 1807">
     <span class='ocr_line' id='line_1_70' title="bbox 827 1774 1223 1807; baseline -0.003 -1"><span class='ocrx_word' id='word_1_243' title='bbox 827 1774 880 1807; x_wconf 86' lang='lat' dir='ltr'>Sic</span> <span class='ocrx_word' id='word_1_244' title='bbox 904 1777 1049 1806; x_wconf 88' lang='lat' dir='ltr'>recenter</span> <span class='ocrx_word' id='word_1_245' title='bbox 1071 1774 1223 1807; x_wconf 85' lang='lat' dir='ltr'>trucidati</span> 
     </span>
    </p>

    <p class='ocr_par' dir='ltr' id='par_1_40' title="bbox 826 1822 1282 1910">
     <span class='ocr_line' id='line_1_71' title="bbox 826 1822 1246 1854; baseline -0.005 0"><span class='ocrx_word' id='word_1_246' title='bbox 826 1822 868 1854; x_wconf 86' lang='lat' dir='ltr'>Et</span> <span class='ocrx_word' id='word_1_247' title='bbox 893 1823 936 1854; x_wconf 84' lang='lat' dir='ltr'>ad</span> <span class='ocrx_word' id='word_1_248' title='bbox 961 1822 1065 1854; x_wconf 89' lang='lat' dir='ltr'>caelos</span> <span class='ocrx_word' id='word_1_249' title='bbox 1089 1822 1246 1854; x_wconf 87' lang='lat' dir='ltr'>sublevati</span> 
     </span>
     <span class='ocr_line' id='line_1_72' title="bbox 876 1869 1282 1910; baseline 0 -8"><span class='ocrx_word' id='word_1_250' title='bbox 876 1870 958 1902; x_wconf 86' lang='lat' dir='ltr'>Sunt</span> <span class='ocrx_word' id='word_1_251' title='bbox 981 1872 1138 1910; x_wconf 80' lang='lat' dir='ltr'>martyres</span> <span class='ocrx_word' id='word_1_252' title='bbox 1162 1869 1282 1902; x_wconf 86' lang='lat' dir='ltr'>invicti.</span> 
     </span>
    </p>
   </div>
   <div class='ocr_carea' id='block_1_23' title="bbox 790 1925 1255 1967">
    <p class='ocr_par' dir='ltr' id='par_1_41' title="bbox 790 1925 1255 1967">
     <span class='ocr_line' id='line_1_73' title="bbox 790 1925 1255 1967; baseline -0.004 -8"><span class='ocrx_word' id='word_1_253' title='bbox 790 1953 799 1962; x_wconf 80' lang='grc'>,</span> <span class='ocrx_word' id='word_1_254' title='bbox 823 1926 947 1959; x_wconf 86' lang='lat' dir='ltr'>Assunt</span> <span class='ocrx_word' id='word_1_255' title='bbox 970 1926 1083 1958; x_wconf 87' lang='lat' dir='ltr'>turbae</span> <span class='ocrx_word' id='word_1_256' title='bbox 1109 1925 1255 1967; x_wconf 83' lang='lat' dir='ltr'>caelicae,</span> 
     </span>
    </p>
   </div>
   <div class='ocr_carea' id='block_1_24' title="bbox 827 1973 1315 2203">
    <p class='ocr_par' dir='ltr' id='par_1_42' title="bbox 827 1973 1207 2061">
     <span class='ocr_line' id='line_1_74' title="bbox 827 1973 1207 2013; baseline -0.003 -8"><span class='ocrx_word' id='word_1_257' title='bbox 827 1973 967 2006; x_wconf 88' lang='lat' dir='ltr'>Virtutes</span> <span class='ocrx_word' id='word_1_258' title='bbox 991 1975 1022 2005; x_wconf 87' lang='lat' dir='ltr'>et</span> <span class='ocrx_word' id='word_1_259' title='bbox 1046 1973 1207 2013; x_wconf 84' lang='lat' dir='ltr'>angelicae</span> 
     </span>
     <span class='ocr_line' id='line_1_75' title="bbox 872 2022 1122 2061; baseline -0.008 -7"><span class='ocrx_word' id='word_1_260' title='bbox 872 2022 1122 2061; x_wconf 85' lang='lat' dir='ltr'>Prosequuntur‚</span> 
     </span>
    </p>

    <p class='ocr_par' dir='ltr' id='par_1_43' title="bbox 827 2068 1315 2109">
     <span class='ocr_line' id='line_1_76' title="bbox 827 2068 1315 2109; baseline -0.002 -9"><span class='ocrx_word' id='word_1_261' title='bbox 827 2069 927 2100; x_wconf 77' lang='lat' dir='ltr'>Terra</span> <span class='ocrx_word' id='word_1_262' title='bbox 952 2076 1066 2107; x_wconf 84' lang='lat' dir='ltr'>corpus</span> <span class='ocrx_word' id='word_1_263' title='bbox 1092 2068 1315 2109; x_wconf 80' lang='lat' dir='ltr'>venerandum,</span> 
     </span>
    </p>

    <p class='ocr_par' dir='ltr' id='par_1_44' title="bbox 829 2114 1313 2203">
     <span class='ocr_line' id='line_1_77' title="bbox 829 2114 1313 2155; baseline -0.004 -7"><span class='ocrx_word' id='word_1_264' title='bbox 829 2115 959 2148; x_wconf 82' lang='lat' dir='ltr'>Caelum</span> <span class='ocrx_word' id='word_1_265' title='bbox 982 2114 1130 2155; x_wconf 87' lang='lat' dir='ltr'>spiritum</span> <span class='ocrx_word' id='word_1_266' title='bbox 1155 2114 1313 2147; x_wconf 87' lang='lat' dir='ltr'>beandum</span> 
     </span>
     <span class='ocr_line' id='line_1_78' title="bbox 873 2163 1107 2203; baseline 0.004 -8"><span class='ocrx_word' id='word_1_267' title='bbox 873 2163 1107 2203; x_wconf 75' lang='lat' dir='ltr'>Assequuntur.</span> 
     </span>
    </p>
   </div>
   <div class='ocr_carea' id='block_1_25' title="bbox 773 2219 1319 2264">
    <p class='ocr_par' dir='ltr' id='par_1_45' title="bbox 773 2219 1319 2264">
     <span class='ocr_line' id='line_1_79' title="bbox 773 2219 1319 2264; baseline -0.004 -10"><span class='ocrx_word' id='word_1_268' title='bbox 773 2222 804 2254; x_wconf 88' lang='lat'>5.</span> <span class='ocrx_word' id='word_1_269' title='bbox 830 2220 950 2253; x_wconf 83' lang='lat' dir='ltr'>Terrae</span> <span class='ocrx_word' id='word_1_270' title='bbox 975 2227 1048 2251; x_wconf 89' lang='lat' dir='ltr'>caro</span> <span class='ocrx_word' id='word_1_271' title='bbox 1072 2219 1319 2264; x_wconf 83' lang='lat' dir='ltr'>commendatur,</span> 
     </span>
    </p>
   </div>
   <div class='ocr_carea' id='block_1_26' title="bbox 826 2265 1209 2400">
    <p class='ocr_par' dir='ltr' id='par_1_46' title="bbox 826 2265 1209 2400">
     <span class='ocr_line' id='line_1_80' title="bbox 826 2265 1169 2309; baseline -0.003 -9"><span class='ocrx_word' id='word_1_272' title='bbox 826 2266 964 2309; x_wconf 86' lang='lat' dir='ltr'>Spiritus</span> <span class='ocrx_word' id='word_1_273' title='bbox 988 2265 1169 2299; x_wconf 85' lang='lat' dir='ltr'>vivificatur</span> 
     </span>
     <span class='ocr_line' id='line_1_81' title="bbox 873 2314 1190 2357; baseline 0 -9"><span class='ocrx_word' id='word_1_274' title='bbox 873 2315 912 2348; x_wconf 84' lang='lat' dir='ltr'>In</span> <span class='ocrx_word' id='word_1_275' title='bbox 939 2314 1068 2347; x_wconf 85' lang='lat' dir='ltr'>caelesti</span> <span class='ocrx_word' id='word_1_276' title='bbox 1093 2314 1190 2357; x_wconf 77' lang='lat' dir='ltr'>ouria,</span> 
     </span>
     <span class='ocr_line' id='line_1_82' title="bbox 1150 2368 1209 2400; baseline 0.017 -1"><span class='ocrx_word' id='word_1_277' title='bbox 1150 2368 1209 2400; x_wconf 89' lang='lat'>10*</span> 
     </span>
    </p>
   </div>
  </div>
 </body>
</html>
