1655 2534
713 97 969 133 ——198—

270 196 364 229 Nunc
388 196 444 227 hos
470 195 705 235 evangelizabat
942 192 1000 231 Qui
1026 191 1111 230 apud
1136 190 1237 222 Deum
1264 191 1295 219 et
1319 187 1462 219 homines

318 242 434 274 Salutis
459 242 617 281 adloquio.
944 238 1065 278 Dignus
1091 236 1250 274 memoria,

208 301 238 333 5.
271 298 437 338 Sapienter
463 298 646 337 dispensare
945 284 1023 317 Gum
1053 284 1170 337 Sqossssfis
1196 282 1354 323 tI'iPadiab

316 345 418 376 Norat
443 345 556 377 donum
581 345 706 376 Domini
943 331 983 363 1ss
1007 332 1116 372 3101'12·

268 394 313 426 Et
335 399 512 422 mensuram
537 400 666 431 erogare

313 439 374 470 Pro
399 440 540 478 tempore
565 438 672 469 tritici.
1009 415 1054 447 In
1081 417 1111 448 2·
1137 414 1353 453 vesperis·

1058 479 1103 506 Ad
1121 477 1299 515 Magnificat.

379 547 423 575 Ad
438 547 620 574 Benedictus.
868 528 908 558 A.
945 526 1166 558 Sanctissimus
1191 534 1247 558 rex
1271 526 1463 565 Stephanus,

939 573 1165 613 Hungarorum
1191 573 1363 612 apostolus,

194 624 235 655 A.
268 624 292 656 O
318 623 463 654 miranda
487 622 628 662 potentia
939 619 1042 659 Signis
1069 623 1101 651 et
1125 619 1293 652 virtutibus

264 669 447 708 Salvatoris,
939 666 1064 698 Cotidie

261 716 301 748 In
324 715 445 746 meritis
468 714 554 746 beati
936 713 1124 745 Declaratur
1149 712 1291 752 caelituS,

265 761 427 801 Stephani,
941 759 987 792 Ut
1008 769 1066 792 nos
1091 760 1212 791 muniat

262 808 360 848 Regis
385 809 416 838 et
441 806 638 846 confessoris,
938 808 969 838 A
993 807 1085 838 malis
1111 805 1263 839 omnibus

267 872 350 900 Brev,
376 879 428 898 ms.
456 870 670 897 Waradinense
695 870 765 897 anni
791 867 871 897 1460.
919 870 987 898 Cod.
1014 870 1147 898 Vatican.
1174 867 1258 897 8247.
1284 869 1319 897 A.
1349 884 1383 888 —
1405 870 1490 897 Brev.

197 918 251 937 ms.
272 909 470 943 strigoniense
490 915 563 935 saec.
587 906 629 934 15.
668 907 735 935 Cod.
756 906 881 934 Par-isin.
902 905 984 934 8879.
998 908 1032 934 B.
1052 921 1089 926 —
1103 908 1186 934 Brev.
1206 915 1259 934 ms.
1272 907 1400 934 Albense
1420 907 1491 934 anni

196 944 277 974 1489.
325 945 391 972 Cod.
424 945 498 972 Mus.
519 944 683 980 Hungarici
703 953 725 971 s.
744 952 773 970 n.
795 943 825 971 G.
845 960 882 964 —
902 945 986 972 BreV.
1012 953 1065 972 ms.
1085 945 1212 972 Albense
1237 952 1312 972 saec.
1335 943 1378 972 15.
1419 944 1489 971 Cod.

192 984 366 1011 Lambacen.
386 982 551 1009 LXXXIX.
571 982 607 1008 D.
631 996 669 1000 -
687 984 772 1009 Brev.
792 990 844 1008 ms.
864 982 992 1010 Albense
1013 990 1087 1009 saec.
1110 980 1154 1009 15.
1190 980 1258 1008 Cod.
1272 982 1491 1009 Liechtenstein

192 1021 208 1048 I
234 1020 261 1048 4.
289 1017 332 1047 12.
357 1019 393 1046 E.
421 1033 457 1038 —
482 1020 566 1046 Brev.
594 1028 645 1046 ms.
667 1019 866 1055 Strigoniense
891 1027 966 1046 saec.
995 1018 1038 1047 15.
1080 1019 1149 1046 Cod.
1169 1018 1264 1046 Palat.
1284 1020 1488 1047 Vindobonen.

196 1055 276 1085 1829.
298 1057 331 1083 F.
353 1071 387 1075 —
408 1057 491 1084 Brev.
517 1057 712 1092 Zagrabiense
737 1058 805 1090 imp.
826 1057 955 1084 Venetiis
983 1055 1064 1084 1505.
1085 1056 1118 1084 G.
1139 1071 1176 1075 —
1194 1056 1278 1084 Brev.
1300 1057 1490 1083 Paulinorum

197 1097 265 1130 imp.
284 1094 414 1121 Venetiis
439 1092 519 1120 1540.
540 1094 578 1121 H.
599 1108 635 1112 —
655 1094 739 1121 Brev.
760 1093 1025 1129 Martinsbergense
1044 1095 1113 1129 imp.
1133 1094 1264 1121 Venetiis
1287 1092 1367 1121 1519.
1389 1094 1412 1121 Ϊ.

267 1130 349 1158 Aue-h
369 1132 400 1157 in
420 1131 537 1165 Antiph.
560 1139 611 1157 ms.
633 1131 809 1166 Ccpusiense
832 1139 905 1158 saec.
929 1130 971 1158 15.
1008 1131 1077 1158 Cod.
1093 1131 1187 1166 Capit.
1202 1130 1355 1166 Cepusien.
1376 1144 1385 1153 «-
1409 1140 1428 1158 n
1450 1145 1490 1149 —

193 1169 311 1204 Antiplx.
340 1168 519 1194 Pcsoniense
549 1169 617 1194 anni
648 1166 729 1195 1488.
780 1167 851 1194 eod.
883 1168 977 1204 Capit.
1007 1169 1163 1195 Posonien.
1190 1165 1218 1196 3.
1249 1182 1286 1186 —
1319 1169 1404 1195 Brev.
1433 1177 1489 1196 ms.

192 1205 392 1241 Hungaricum
412 1213 485 1232 saec.
508 1203 551 1232 15.
585 1205 653 1232 Cod.
676 1204 795 1232 Comitis
815 1205 962 1240 Battyany
984 1207 1015 1232 in
1027 1204 1314 1241 'GyuIa-Fehervaiy
1325 1206 1383 1233 Ms-
1395 1206 1447 1239 IV,
1462 1205 1489 1233 5.

267 1244 308 1270 In
330 1240 354 1268 1.
373 1242 478 1277 Vesp.
500 1241 592 1277 Super
610 1242 658 1269 Ps.
681 1241 712 1275 Α,
733 1240 750 1270 5
765 1242 819 1269 Oui
839 1244 999 1278 promisisti
1012 1242 1045 1270 A.
1059 1258 1093 1262 —
1109 1243 1164 1271 DG
1183 1243 1280 1270 haben
1300 1242 1317 1270 5
1332 1242 1379 1269 ΑΑ
1401 1252 1488 1279 super

191 1281 246 1307 Ps:
270 1279 293 1307 1.
313 1279 403 1306 Adest
420 1279 524 1306 festum
544 1279 740 1306 venerandum
761 1281 814 1306 etc.
835 1280 882 1307 die
902 1280 984 1307 sechs
1005 1282 1100 1308 ersten
1120 1281 1223 1316 Verse3
1244 1278 1270 1306 2.
1288 1281 1348 1308 Iste
1369 1283 1487 1308 sanctus

191 1318 373 1353 praedicator
394 1318 461 1350 etc.;
484 1314 511 1344 3.
536 1316 688 1344 Confessor
709 1317 818 1344 Christi
839 1316 985 1353 Stephane
1006 1320 1073 1351 etc.;
1094 1317 1121 1345 4.
1145 1318 1252 1346 Sancte
1271 1327 1321 1345 rex
1342 1318 1489 1354 Stephane

193 1355 341 1382 consessor
360 1355 427 1388 ete.;
450 1352 475 1380 5.
490 1353 642 1389 Sapienter
662 1354 829 1390 dispensare
849 1357 901 1382 etc.
916 1369 952 1373 —
967 1356 992 1382 A
1011 1355 1064 1382 hat
1082 1356 1113 1382 in
1133 1356 1184 1383 der
1198 1353 1223 1381 1.
1237 1356 1326 1391 Vesp.
1340 1356 1490 1392 folgendes

190 1392 290 1427 Resp.:

614 1428 649 1455 R.
673 1428 780 1462 Exora,
801 1428 906 1456 dilecte
925 1429 982 1456 Dei
1001 1429 1156 1465 Stephane,

668 1466 725 1493 Pro
745 1466 830 1493 nobis
850 1467 973 1501 miseris,

670 1504 712 1531 Ut
731 1503 781 1538 qui
801 1511 899 1530 sumus
919 1512 971 1538 pro
992 1504 1086 1539 culpis

669 1539 768 1567 Dandi
788 1540 940 1575 supplicio,

670 1578 726 1604 Per
745 1579 775 1603 te
790 1578 876 1612 iungi
895 1586 1055 1605 mereamur

668 1615 815 1642 Iustorum
834 1616 993 1650 consortio3

612 1652 647 1678 V.
671 1651 838 1679 Dissimiles
857 1652 913 1679 tibi
932 1653 1062 1680 moribus

669 1687 835 1716 Laudamus
851 1691 880 1716 te
899 1691 1029 1723 vocibus,

668 1727 784 1753 Adiuva
803 1734 857 1753 nos
872 1728 931 1754 tuis
951 1728 1093 1762 precibus,

193 1772 240 1799 An
266 1770 393 1808 gleicher
417 1770 507 1798 Stelle
533 1771 623 1799 bietet
642 1773 682 1799 D:
711 1771 804 1800 Corde
828 1772 890 1800 Deo
917 1773 1035 1801 credens
1061 1777 1135 1809 erat,
1162 1776 1256 1803 wobei
1282 1784 1312 1803 es
1339 1776 1413 1804 noch
1440 1776 1488 1804 die

189 1809 354 1843 Doxologie
374 1808 486 1844 anfiigt:

527 1846 588 1881 Ipsi
609 1846 684 1873 doxa
703 1847 778 1882 patri
798 1846 868 1877 Deo,
891 1848 952 1875 eius
975 1857 1090 1885 quoque
1109 1849 1170 1878 filio

526 1883 696 1919 Pariterque
712 1886 862 1912 coaeterno
883 1885 993 1913 flamini
1012 1888 1163 1922 paraclito.

190 1930 244 1957 Ad
262 1931 391 1958 Matut.
429 1929 490 1957 Das
509 1930 712 1957 Invitatorium
731 1932 771 1957 ist
791 1930 952 1966 gleichfalls
976 1934 1024 1959 ein
1044 1934 1164 1961 anderes
1184 1936 1215 1962 in
1234 1935 1277 1962 D:

414 1975 624 2003 Convenientes
645 1978 676 2003 in
695 1985 784 2004 unum
803 1977 958 2005 iubilemus
978 1979 1114 2013 Domino,

412 2013 448 2041 In
467 2022 523 2049 quo
545 2016 647 2050 regnat
666 2016 819 2041 coronatus
839 2023 954 2050 gemma
973 2025 1081 2052 regum,
1103 2017 1277 2053 Stephanus.

190 2058 252 2087 Ein
270 2059 370 2087 drittes
389 2059 593 2087 Invitatorium
614 2061 704 2088 bietet
722 2061 760 2089 G:

413 2107 521 2142 Regem
541 2115 639 2142 regum
660 2109 830 2135 venerantes
851 2108 987 2136 sollemni
1006 2111 1133 2146 tripudio

412 2144 501 2171 Veste
523 2146 622 2172 amicti
641 2145 799 2180 gaudentes
820 2145 976 2173 iubilemus
996 2147 1131 2182 Domino,

415 2181 472 2215 Qui
490 2181 578 2209 hodie
598 2183 768 2210 sublimavit
787 2185 919 2210 sanctum
938 2192 1022 2211 suum
1042 2184 1220 2221 Stephanum

411 2218 452 2245 Et
471 2219 502 2245 in
522 2220 602 2247 caelo
623 2223 761 2248 coronato
782 2219 853 2247 dans
874 2221 998 2249 caeleste
1020 2225 1187 2256 praemium.

186 2264 222 2291 In
238 2264 295 2291 den
313 2264 396 2308 Nyct.
417 2265 481 2309 sind
502 2263 549 2292 ΑΑ
572 2267 630 2293 und
651 2264 695 2292 ΗΒ
716 2266 866 2310 prosaisch
879 2267 948 2311 ‘DGn
972 2282 1009 2286 ——
1022 2269 1061 2296 In
1082 2268 1107 2296 1.
1123 2271 1222 2298 Noct.
1240 2269 1263 2298 Α
1284 2270 1310 2306 2,
1331 2272 1348 2300 2
1363 2274 1486 2311 Hunga-

186 2310 284 2328 rorum
308 2301 364 2328 fuit
388 2311 498 2337 primus
525 2304 558 2330 A.
588 2320 624 2324 —-
655 2303 674 2329 R
703 2303 726 2338 1,
748 2302 784 2332 10
810 2307 901 2332 exivit
924 2305 955 2332 F.
976 2320 1013 2324 —
1041 2305 1061 2332 R
1088 2305 1119 2341 2,
1142 2307 1176 2335 12
1198 2309 1375 2339 Nasceretur
1395 2314 1426 2341 F.
1447 2329 1484 2333 --

184 2337 209 2364 R
233 2336 260 2373 3,
284 2336 319 2366 10
339 2339 432 2366 Dator
451 2341 483 2367 B.
504 2355 540 2360 -
560 2342 600 2368 In
621 2340 646 2368 2.
667 2342 767 2369 Noet.
785 2340 808 2368 Α
831 2341 855 2375 1,
879 2341 894 2369 1
914 2345 960 2369 est
977 2343 1010 2370 F.
1032 2359 1066 2363 —
1087 2345 1110 2371 Α
1132 2344 1158 2380 2,
1180 2345 1197 2374 6
1218 2348 1375 2378 credulitas
1395 2352 1428 2379 F.
1449 2366 1487 2371 -
