1655 2534
747 146 1004 183 ——264—

353 248 400 280 111
426 249 456 280 3.
481 247 676 279 Nocturn
686 253 715 276 0.
977 239 1046 271 Sibi
1070 241 1245 279 patronum
1269 243 1304 271 te
1327 239 1421 279 legat

975 287 1030 319 Ad
1056 286 1319 327 consequendam
1345 286 1495 326 gloriam.

446 329 637 366 Antiphonae.

301 398 372 430 Nec
395 401 429 429 te
456 396 617 429 carnificis
1064 380 1111 412 In
1135 380 1370 413 Landibus-

349 445 480 476 laedent
506 444 667 475 tormenta
689 439 834 471 nefandi.
1118 454 1312 489 Antiphonae.

603 546 610 551 ,
916 512 947 544 1.
972 510 1138 551 Perpetuo
1165 512 1289 544 Christi

435 546 639 581 R²⁸P⁰n³⁰na‘
1018 556 1151 599 flagras,
1177 568 1195 590 ο
1220 559 1348 598 Victor,
1374 566 1493 590 amore.

247 624 276 655 1.
302 621 352 652 Tu
375 622 502 660 patriae
525 619 651 652 referes
916 617 948 647 2.
971 613 1078 653 Impia
1101 615 1256 655 sacrilegi

347 668 485 707 primum
493 667 601 707 decus,
609 664 856 707 optimeVictor‚
1021 662 1150 701 spernis
1174 662 1331 693 mandata
1352 661 1495 700 tyranni.

303 714 348 746 Et
371 714 576 745 Maun'tanae
916 719 949 750 3.
973 715 1045 749 Nec
1067 727 1168 757 prece
1192 727 1255 750 nec
1278 718 1388 758 pretio

351 761 455 800 gloria
478 760 585 800 gentis
612 759 695 797 eris3
1021 773 1086 796 neu
1109 765 1227 805 poenis
1251 764 1394 797 vinceris
1419 765 1508 798 ulliS.

234 808 273 840 V.
302 807 365 845 Da,
391 810 514 846 sancte,
539 806 634 838 nobis
660 804 808 844 gratiam,

303 853 350 885 Ut
372 856 406 885 te
431 856 605 893 qequentes
629 852 797 892 praevium

299 900 399 939 Digni
423 908 566 939 superna
590 899 698 939 gratia

918 822 950 855 4,
975 820 1065 860 Ergo
1090 821 1157 853 iam
1182 822 1270 853 victo

1023 868 1167 899 moriens
1185 868 1282 900 simul
1300 867 1396 899 hoste
1413 868 1527 898 trium-

301 947 492 978 Reddamur
515 947 602 978 omni
623 949 784 985 tempore.
920 972 939 1004 5
976 970 1123 1003 Exuvias
1146 914 1396 1010 Dropfianfhas'

249 1015 277 1045 2-
302 1011 383 1043 Inde
408 1011 481 1042 aliis
504 1014 602 1042 notus
944 997 951 1003 ¹
1023 1016 1128 1049 refers
1153 1017 1196 1049 ad
1220 1018 1334 1050 sidera
1358 1016 1503 1048 caedem.

351 1060 422 1089 toto
449 1057 667 1088 celebraberis
691 1055 780 1095 orbe,
1259 1092 1266 1098 .

304 1104 476 1143 Multaque
502 1113 573 1135 cum
597 1103 682 1136 votis
1093 1090 1140 1117 Ad
1158 1091 1342 1118 Benedictus.

352 1160 431 1190 gens
456 1153 514 1181 tua
536 1149 660 1189 templa
682 1149 777 1189 petit,
908 1149 948 1180 A.
979 1147 1133 1179 Vincenti
1157 1148 1220 1180 tibi
1243 1157 1363 1180 manna
1385 1147 1483 1178 datur

238 1199 275 1230 V.
309 1197 496 1236 Quicunque
519 1196 606 1228 forte
629 1196 767 1235 respicit
1023 1195 1116 1234 clam,
1141 1195 1266 1236 Victor,
1292 1194 1421 1234 Olympi

304 1243 463 1275 Mandata
487 1244 601 1274 summi
625 1242 757 1277 iudicis.
976 1241 1093 1272 Ardua
1117 1251 1180 1281 quo
1205 1250 1354 1282 superas.

312 1325 444 1352 Officium
470 1325 499 1353 S.
518 1326 653 1357 Victoris,
674 1324 703 1352 S.
727 1324 880 1352 Octaviani
906 1327 958 1352 ete.
983 1324 1052 1358 imp.
1078 1332 1101 1350 s.
1125 1324 1146 1351 1.
1173 1327 1202 1351 et
1221 1332 1247 1351 a.
1267 1339 1305 1343 —-
1324 1324 1380 1351 Am
1397 1323 1528 1352 Schluss:

238 1364 319 1391 Ilaec
348 1362 443 1389 officia
467 1364 499 1389 in
522 1362 682 1390 universali
708 1362 831 1389 ecclesia
858 1362 915 1389 dici
939 1363 1063 1397 possunt
1088 1363 1262 1389 auctoritate
1287 1362 1449 1398 apostolica
1477 1372 1530 1398 per

237 1402 324 1428 breve
344 1401 450 1427 Leonis
464 1401 500 1427 X.
521 1400 568 1427 die
580 1400 614 1427 V.
633 1400 806 1426 Novembris
819 1398 1042 1427 MCCCGCXIX
1066 1407 1243 1434 concessum,
1264 1402 1297 1427 in
1316 1400 1440 1427 ecclesia
1458 1409 1527 1427 vero

240 1439 430 1465 Volaterrana
455 1440 485 1464 et
512 1439 574 1464 tota
599 1438 725 1464 dioecesi
750 1437 925 1463 mandatum.
949 1450 989 1455 ——
1011 1436 1110 1471 Raph
1120 1437 1178 1464 ael
1197 1437 1374 1464 Reverendjs
1394 1439 1528 1472 patribus

240 1474 367 1510 Capituli
385 1475 569 1502 Volaterrani
594 1475 718 1501 salutem
741 1475 773 1501 in
791 1475 926 1501 Domino.
967 1474 1094 1500 Caritate
1118 1475 1150 1500 in
1169 1483 1215 1502 res
1242 1475 1359 1501 divinas
1379 1475 1529 1508 admoniti,

237 1516 333 1548 patres
359 1512 522 1542 reverendi,
550 1521 616 1539 cum
639 1511 781 1538 nonnulla
805 1513 837 1538 in
865 1512 947 1538 chori
966 1511 1159 1545 dispositione
1179 1515 1266 1547 atque
1287 1512 1389 1539 ordine
1408 1514 1527 1541 minime

238 1550 371 1576 decenter
383 1549 536 1584 procedere
551 1550 767 1584 conspexeritis,
788 1550 864 1575 inter
877 1557 952 1585 quae
966 1550 1034 1575 sunt
1047 1556 1089 1580 ea„
1111 1557 1186 1583 quae
1201 1550 1238 1576 ad
1251 1551 1366 1577 nostros
1380 1552 1529 1585 pertinent

237 1590 387 1622 patronos,
414 1595 472 1613 non
497 1588 639 1613 maiorum
663 1588 839 1619 nostrorum,
865 1586 917 1613 sed
942 1589 1103 1619 temporum
1122 1586 1242 1613 illorum
1259 1587 1332 1613 vitio
1352 1587 1446 1614 literis
1466 1589 1527 1615 iam

239 1631 313 1658 pene
338 1623 590 1650 deflorescentibus
616 1625 658 1649 ita
676 1624 834 1658 incongrue
852 1625 1007 1658 inepteque
1027 1630 1061 1649 ac
1085 1624 1160 1650 citra
1177 1624 1239 1651 stili
1255 1627 1440 1652 venustatem
1464 1634 1531 1652 con-

239 1662 355 1695 scripta,
370 1662 404 1686 ut
414 1661 490 1687 inter
503 1660 598 1687 officia
610 1660 722 1687 divinia
734 1661 825 1695 recipi
838 1669 898 1687 non
910 1662 981 1687 satis
995 1668 1031 1686 ex
1046 1660 1128 1687 chori
1141 1661 1284 1696 dignitate
1298 1662 1441 1692 videatur.
1462 1672 1528 1690 curn

239 1706 293 1724 nee
311 1700 398 1723 cantu
418 1698 493 1724 clero
514 1699 585 1725 satis
598 1699 667 1733 apta
679 1706 732 1724 nec
745 1697 894 1725 intellectu
908 1697 1071 1734 legentibus
1088 1698 1197 1731 facilia,
1216 1707 1274 1726 neu
1289 1700 1415 1735 denique
1428 1701 1531 1728 auditu

240 1734 424 1762 delectabilia
442 1736 508 1767 sint,
527 1737 674 1771 negotium
694 1734 766 1761 mihi
779 1734 908 1767 dedistis,
930 1744 972 1768 ea„
994 1737 1134 1771 quantum
1149 1736 1193 1763 fas
1206 1737 1302 1771 fuerit,
1323 1738 1530 1774 interpolandi.

240 1772 303 1807 Ego
324 1780 400 1802 vero,
421 1773 551 1807 quamvis
573 1780 644 1800 onus
664 1773 736 1799 meis
756 1773 849 1807 impar
860 1774 972 1800 viribus
986 1773 1115 1808 bovique
1129 1774 1280 1802 clientelas
1294 1777 1405 1810 imponi
1422 1784 1529 1811 cog-no-

243 1811 339 1837 verim.
359 1810 408 1843 pio
428 1811 525 1836 tamen
545 1810 637 1837 officio
656 1812 810 1845 vestroque
828 1811 1081 1845 providentissimo
1103 1812 1226 1839 consilio
1240 1813 1341 1840 deesse
1356 1822 1529 1849 quocunque

242 1846 323 1873 modo
343 1846 387 1873 fas
407 1847 525 1874 minime
543 1848 653 1882 putavi.
685 1847 779 1882 Igitur
798 1847 932 1878 breviter.
953 1848 1031 1884 quod
1048 1849 1186 1880 iussistis,
1208 1850 1331 1883 absolvi,
1354 1852 1407 1878 ubi
1426 1853 1471 1878 sic
1483 1861 1530 1879 me

241 1892 349 1911 aecem<
358 1883 439 1918 davi,
465 1887 499 1910 ut
521 1893 559 1911 ne
585 1884 706 1913 ornandi
734 1892 823 1911 causa
848 1886 884 1913 ab
908 1885 1049 1913 historiae
1071 1887 1239 1922 integritate
1258 1888 1435 1916 discederem
1454 1898 1529 1917 neve

241 1922 342 1955 scripti
359 1922 480 1954 veteris,
506 1921 638 1958 alioquin
660 1923 736 1954 veri,
764 1924 930 1949 auctoritati
949 1925 1063 1959 praeter
1083 1922 1145 1950 stili
1164 1927 1449 1954 reconcinnationem
1467 1928 1529 1955 ullo

243 1958 326 1986 modo
347 1958 521 1994 derogarem.
554 1960 638 1986 Anno
658 1959 761 1986 salutis
772 1960 930 1987 Millesimo
952 1961 1182 1996 quingentesimo
1199 1963 1308 1991 decimo
1323 1972 1409 1998 nono,
1431 1966 1533 2000 quinto

242 1997 310 2023 Idus
338 1996 525 2023 intercalares
556 1998 609 2024 sub
638 1997 802 2024 reverendis
834 1999 965 2033 patribus
989 1998 1024 2025 N.
1051 1998 1085 2025 N.
1114 2013 1148 2017 —-
1173 1999 1285 2035 Folgen
1311 2000 1337 2027 d.
1365 2002 1480 2029 Namen
1505 2003 1532 2029 d.

241 2033 380 2069 Kapitels.
400 2049 437 2052 —
456 2034 615 2062 Darunter:
636 2034 843 2069 „Raphaele
861 2036 1010 2063 Palatio
1033 2034 1184 2063 Decano“.

673 2152 718 2183 96.
745 2153 789 2184 De
808 2155 912 2184 sancto
932 2153 1101 2185 Victorino.

374 2230 421 2262 In
443 2232 472 2265 1.
498 2232 722 2273 Vesperis.
982 2233 1048 2265 Ora
1069 2244 1191 2277 regem,
1215 2238 1295 2270 iuva
1318 2247 1462 2279 gregem.

430 2296 474 2323 ..id
492 2297 671 2332 snguine-at.
1031 2281 1098 2313 Fer
1122 2284 1285 2318 medelam
1308 2286 1452 2328 miseris,

244 2344 285 2377 A.
314 2343 398 2374 Dum
423 2344 465 2375 ad
490 2354 578 2377 aram
601 2346 672 2378 Deo
699 2355 818 2386 coram,
986 2329 1046 2366 (ω
1070 2332 1104 2360 ΐθ
1128 2331 1244 2363 emunt
1261 2333 1365 2364 *imm
1389 2334 1468 2375 liga*

361 2390 478 2422 Sancte
503 2394 648 2433 praesul,
675 2395 819 2434 steteris,
1031 2375 1132 2409 GraVi
1154 2383 1376 2423 Deceafofflmi
