<?xml version="1.0" encoding="UTF-8"?>
<!DOCTYPE html PUBLIC "-//W3C//DTD XHTML 1.0 Transitional//EN"
    "http://www.w3.org/TR/xhtml1/DTD/xhtml1-transitional.dtd">
<html xmlns="http://www.w3.org/1999/xhtml" xml:lang="en" lang="en">
 <head>
  <title>
</title>
<meta http-equiv="Content-Type" content="text/html;charset=utf-8" />
  <meta name='ocr-system' content='tesseract 3.04.00' />
  <meta name='ocr-capabilities' content='ocr_page ocr_carea ocr_par ocr_line ocrx_word'/>
</head>
<body>
  <div class='ocr_page' id='page_1' title='image "./analectahymnica28drevuoft_00123.png"; bbox 0 0 1655 2534; ppageno 0'>
   <div class='ocr_carea' id='block_1_1' title="bbox 199 961 237 992">
    <p class='ocr_par' dir='ltr' id='par_1_1' title="bbox 199 961 237 992">
     <span class='ocr_line' id='line_1_1' title="bbox 199 961 237 992; baseline -0.026 0"><span class='ocrx_word' id='word_1_1' title='bbox 199 961 237 992; x_wconf 89' lang='lat' dir='ltr'>V.</span> 
     </span>
    </p>
   </div>
   <div class='ocr_carea' id='block_1_2' title="bbox 212 1101 241 1130">
    <p class='ocr_par' dir='ltr' id='par_1_2' title="bbox 212 1101 241 1130">
     <span class='ocr_line' id='line_1_2' title="bbox 212 1101 241 1130; baseline -0.034 0"><span class='ocrx_word' id='word_1_2' title='bbox 212 1101 241 1130; x_wconf 83' lang='lat'>2.</span> 
     </span>
    </p>
   </div>
   <div class='ocr_carea' id='block_1_3' title="bbox 218 2154 248 2188">
    <p class='ocr_par' dir='ltr' id='par_1_3' title="bbox 218 2154 248 2188">
     <span class='ocr_line' id='line_1_3' title="bbox 218 2154 248 2188; baseline 0.1 -3"><span class='ocrx_word' id='word_1_3' title='bbox 218 2154 248 2188; x_wconf 84' lang='lat'>1.</span> 
     </span>
    </p>
   </div>
   <div class='ocr_carea' id='block_1_4' title="bbox 724 146 976 183">
    <p class='ocr_par' dir='ltr' id='par_1_4' title="bbox 724 146 976 183">
     <span class='ocr_line' id='line_1_4' title="bbox 724 146 976 183; baseline 0.008 -2"><span class='ocrx_word' id='word_1_4' title='bbox 724 146 976 183; x_wconf 72' lang='lat'>-120—</span> 
     </span>
    </p>
   </div>
   <div class='ocr_carea' id='block_1_5' title="bbox 240 244 663 284">
    <p class='ocr_par' dir='ltr' id='par_1_5' title="bbox 240 244 663 284">
     <span class='ocr_line' id='line_1_5' title="bbox 240 244 663 284; baseline -0.005 -6"><span class='ocrx_word' id='word_1_5' title='bbox 240 270 247 278; x_wconf 93' lang='lat'>.</span> <span class='ocrx_word' id='word_1_6' title='bbox 273 245 336 278; x_wconf 90' lang='lat' dir='ltr'>Hic</span> <span class='ocrx_word' id='word_1_7' title='bbox 358 244 455 278; x_wconf 87' lang='lat' dir='ltr'>habet</span> <span class='ocrx_word' id='word_1_8' title='bbox 477 246 663 284; x_wconf 83' lang='lat' dir='ltr'>potestatem</span> 
     </span>
    </p>
   </div>
   <div class='ocr_carea' id='block_1_6' title="bbox 271 292 812 518">
    <p class='ocr_par' dir='ltr' id='par_1_6' title="bbox 271 292 798 425">
     <span class='ocr_line' id='line_1_6' title="bbox 321 292 472 333; baseline 0.007 -10"><span class='ocrx_word' id='word_1_9' title='bbox 321 292 472 333; x_wconf 83' lang='lat' dir='ltr'>alligandi</span> 
     </span>
     <span class='ocr_line' id='line_1_7' title="bbox 271 337 798 377; baseline -0.006 -6"><span class='ocrx_word' id='word_1_10' title='bbox 271 340 315 371; x_wconf 84' lang='lat' dir='ltr'>Et</span> <span class='ocrx_word' id='word_1_11' title='bbox 339 340 502 371; x_wconf 81' lang='lat' dir='ltr'>credentes</span> <span class='ocrx_word' id='word_1_12' title='bbox 526 339 609 370; x_wconf 81' lang='lat' dir='ltr'>male</span> <span class='ocrx_word' id='word_1_13' title='bbox 631 337 798 377; x_wconf 83' lang='lat' dir='ltr'>tractandi,</span> 
     </span>
     <span class='ocr_line' id='line_1_8' title="bbox 274 386 558 425; baseline -0.004 -7"><span class='ocrx_word' id='word_1_14' title='bbox 274 386 318 418; x_wconf 89' lang='lat' dir='ltr'>Ut</span> <span class='ocrx_word' id='word_1_15' title='bbox 342 386 434 425; x_wconf 83' lang='lat' dir='ltr'>lupus</span> <span class='ocrx_word' id='word_1_16' title='bbox 459 394 558 425; x_wconf 83' lang='lat' dir='ltr'>rapax</span> 
     </span>
    </p>

    <p class='ocr_par' dir='ltr' id='par_1_7' title="bbox 273 432 812 518">
     <span class='ocr_line' id='line_1_9' title="bbox 323 432 652 472; baseline -0.003 -8"><span class='ocrx_word' id='word_1_17' title='bbox 323 433 445 471; x_wconf 87' lang='lat' dir='ltr'>quaerit</span> <span class='ocrx_word' id='word_1_18' title='bbox 471 432 652 472; x_wconf 77' lang='lat' dir='ltr'>dispergere</span> 
     </span>
     <span class='ocr_line' id='line_1_10' title="bbox 273 476 812 518; baseline -0.002 -8"><span class='ocrx_word' id='word_1_19' title='bbox 273 479 408 518; x_wconf 83' lang='lat' dir='ltr'>Gregem</span> <span class='ocrx_word' id='word_1_20' title='bbox 423 479 607 510; x_wconf 87' lang='lat' dir='ltr'>dominicum</span> <span class='ocrx_word' id='word_1_21' title='bbox 620 482 652 510; x_wconf 86' lang='lat' dir='ltr'>et</span> <span class='ocrx_word' id='word_1_22' title='bbox 660 476 812 509; x_wconf 88' lang='lat' dir='ltr'>occidere.</span> 
     </span>
    </p>
   </div>
   <div class='ocr_carea' id='block_1_7' title="bbox 412 543 614 578">
    <p class='ocr_par' dir='ltr' id='par_1_8' title="bbox 412 543 614 578">
     <span class='ocr_line' id='line_1_11' title="bbox 412 543 614 578; baseline -0.01 -7"><span class='ocrx_word' id='word_1_23' title='bbox 412 543 614 578; x_wconf 83' lang='lat' dir='ltr'>Responsoria.</span> 
     </span>
    </p>
   </div>
   <div class='ocr_carea' id='block_1_8' title="bbox 239 590 624 631">
    <p class='ocr_par' dir='ltr' id='par_1_9' title="bbox 239 590 624 631">
     <span class='ocr_line' id='line_1_12' title="bbox 239 590 624 631; baseline -0.008 -8"><span class='ocrx_word' id='word_1_24' title='bbox 239 615 246 623; x_wconf 97' lang='lat'>.</span> <span class='ocrx_word' id='word_1_25' title='bbox 273 591 372 631; x_wconf 82' lang='lat' dir='ltr'>Vade,</span> <span class='ocrx_word' id='word_1_26' title='bbox 398 591 443 622; x_wconf 89' lang='lat' dir='ltr'>ait</span> <span class='ocrx_word' id='word_1_27' title='bbox 464 590 624 629; x_wconf 86' lang='lat' dir='ltr'><strong>Dominus,</strong></span> 
     </span>
    </p>
   </div>
   <div class='ocr_carea' id='block_1_9' title="bbox 267 635 814 1548">
    <p class='ocr_par' dir='ltr' id='par_1_10' title="bbox 271 635 795 806">
     <span class='ocr_line' id='line_1_13' title="bbox 275 635 724 675; baseline -0.004 -8"><span class='ocrx_word' id='word_1_28' title='bbox 275 637 319 669; x_wconf 85' lang='lat' dir='ltr'>Et</span> <span class='ocrx_word' id='word_1_29' title='bbox 341 637 405 667; x_wconf 91' lang='lat' dir='ltr'>noli</span> <span class='ocrx_word' id='word_1_30' title='bbox 428 636 557 668; x_wconf 85' lang='lat' dir='ltr'>tardare</span> <span class='ocrx_word' id='word_1_31' title='bbox 581 635 724 675; x_wconf 89' lang='lat' dir='ltr'>amplius,</span> 
     </span>
     <span class='ocr_line' id='line_1_14' title="bbox 273 682 795 722; baseline -0.004 -8"><span class='ocrx_word' id='word_1_32' title='bbox 273 683 351 721; x_wconf 70' lang='lat' dir='ltr'>Quia</span> <span class='ocrx_word' id='word_1_33' title='bbox 374 691 429 715; x_wconf 82' lang='lat' dir='ltr'>vas</span> <span class='ocrx_word' id='word_1_34' title='bbox 452 684 499 713; x_wconf 87' lang='lat' dir='ltr'>est</span> <span class='ocrx_word' id='word_1_35' title='bbox 522 682 597 713; x_wconf 90' lang='lat' dir='ltr'>mihi</span> <span class='ocrx_word' id='word_1_36' title='bbox 623 682 795 722; x_wconf 81' lang='lat' dir='ltr'>electionis,</span> 
     </span>
     <span class='ocr_line' id='line_1_15' title="bbox 271 727 749 768; baseline -0.004 -8"><span class='ocrx_word' id='word_1_37' title='bbox 271 729 330 768; x_wconf 80' lang='lat' dir='ltr'>Qui</span> <span class='ocrx_word' id='word_1_38' title='bbox 354 727 414 759; x_wconf 71' lang='lat' dir='ltr'>fuit</span> <span class='ocrx_word' id='word_1_39' title='bbox 436 728 519 760; x_wconf 89' lang='lat' dir='ltr'>filius</span> <span class='ocrx_word' id='word_1_40' title='bbox 544 728 749 768; x_wconf 72' lang='lat' dir='ltr'>perditionis,</span> 
     </span>
     <span class='ocr_line' id='line_1_16' title="bbox 272 775 608 806; baseline -0.003 0"><span class='ocrx_word' id='word_1_41' title='bbox 272 775 473 806; x_wconf 80' lang='lat' dir='ltr'>Praedicabit</span> <span class='ocrx_word' id='word_1_42' title='bbox 495 783 608 806; x_wconf 89' lang='lat' dir='ltr'>nomen</span> 
     </span>
    </p>

    <p class='ocr_par' dir='ltr' id='par_1_11' title="bbox 272 821 629 907">
     <span class='ocr_line' id='line_1_17' title="bbox 316 821 594 853; baseline 0 -2"><span class='ocrx_word' id='word_1_43' title='bbox 316 829 417 851; x_wconf 85' lang='lat' dir='ltr'>meum</span> <span class='ocrx_word' id='word_1_44' title='bbox 441 821 594 853; x_wconf 82' lang='lat' dir='ltr'>Emanuel</span> 
     </span>
     <span class='ocr_line' id='line_1_18' title="bbox 272 866 629 907; baseline 0.003 -9"><span class='ocrx_word' id='word_1_45' title='bbox 272 866 425 899; x_wconf 81' lang='lat' dir='ltr'>Gentibus</span> <span class='ocrx_word' id='word_1_46' title='bbox 450 870 481 898; x_wconf 88' lang='lat' dir='ltr'>et</span> <span class='ocrx_word' id='word_1_47' title='bbox 505 867 629 907; x_wconf 84' lang='lat' dir='ltr'>regibus</span> 
     </span>
    </p>

    <p class='ocr_par' dir='ltr' id='par_1_12' title="bbox 267 913 814 1224">
     <span class='ocr_line' id='line_1_19' title="bbox 318 913 588 953; baseline 0.004 -9"><span class='ocrx_word' id='word_1_48' title='bbox 318 916 349 944; x_wconf 87' lang='lat' dir='ltr'>et</span> <span class='ocrx_word' id='word_1_49' title='bbox 371 913 445 945; x_wconf 88' lang='lat' dir='ltr'>filiis</span> <span class='ocrx_word' id='word_1_50' title='bbox 469 914 588 953; x_wconf 72' lang='lat' dir='ltr'>Israel,</span> 
     </span>
     <span class='ocr_line' id='line_1_20' title="bbox 267 959 814 992; baseline 0.002 -1"><span class='ocrx_word' id='word_1_51' title='bbox 267 959 486 992; x_wconf 71' lang='lat' dir='ltr'>Aazrzuntz&#39;abz&#39;t</span> <span class='ocrx_word' id='word_1_52' title='bbox 496 969 613 992; x_wconf 66' lang='lat' dir='ltr'>‘nomen</span> <span class='ocrx_word' id='word_1_53' title='bbox 625 960 762 992; x_wconf 72' lang='lat' dir='ltr'>Domini</span> <span class='ocrx_word' id='word_1_54' title='bbox 776 961 814 992; x_wconf 69' lang='lat' dir='ltr'>in</span> 
     </span>
     <span class='ocr_line' id='line_1_21' title="bbox 271 1006 812 1039; baseline 0 0"><span class='ocrx_word' id='word_1_55' title='bbox 271 1007 350 1039; x_wconf 76' lang='lat' dir='ltr'>Sion</span> <span class='ocrx_word' id='word_1_56' title='bbox 374 1009 402 1039; x_wconf 79' lang='lat' dir='ltr'>et</span> <span class='ocrx_word' id='word_1_57' title='bbox 426 1006 554 1038; x_wconf 78' lang='lat' dir='ltr'>laudem</span> <span class='ocrx_word' id='word_1_58' title='bbox 578 1007 644 1039; x_wconf 76' lang='lat' dir='ltr'>eius</span> <span class='ocrx_word' id='word_1_59' title='bbox 667 1008 705 1038; x_wconf 67' lang='lat' dir='ltr'>{n</span> <span class='ocrx_word' id='word_1_60' title='bbox 721 1007 812 1039; x_wconf 76' lang='lat' dir='ltr'>Ieru—</span> 
     </span>
     <span class='ocr_line' id='line_1_22' title="bbox 268 1052 376 1085; baseline -0.009 0"><span class='ocrx_word' id='word_1_61' title='bbox 268 1052 376 1085; x_wconf 79' lang='lat' dir='ltr'>salem.</span> 
     </span>
     <span class='ocr_line' id='line_1_23' title="bbox 269 1099 670 1138; baseline 0.005 -8"><span class='ocrx_word' id='word_1_62' title='bbox 269 1099 409 1131; x_wconf 84' lang='lat' dir='ltr'>Ananias</span> <span class='ocrx_word' id='word_1_63' title='bbox 435 1099 507 1130; x_wconf 89' lang='lat' dir='ltr'>dum</span> <span class='ocrx_word' id='word_1_64' title='bbox 530 1100 670 1138; x_wconf 85' lang='lat' dir='ltr'>intravit,</span> 
     </span>
     <span class='ocr_line' id='line_1_24' title="bbox 269 1144 757 1186; baseline 0.002 -9"><span class='ocrx_word' id='word_1_65' title='bbox 269 1145 395 1177; x_wconf 83' lang='lat' dir='ltr'>Saulum</span> <span class='ocrx_word' id='word_1_66' title='bbox 421 1144 550 1177; x_wconf 85' lang='lat' dir='ltr'>fratrem</span> <span class='ocrx_word' id='word_1_67' title='bbox 575 1146 757 1186; x_wconf 87' lang='lat' dir='ltr'>appellavit,</span> 
     </span>
     <span class='ocr_line' id='line_1_25' title="bbox 270 1192 516 1224; baseline -0.004 0"><span class='ocrx_word' id='word_1_68' title='bbox 270 1192 402 1224; x_wconf 89' lang='lat' dir='ltr'>Dicens:</span> <span class='ocrx_word' id='word_1_69' title='bbox 429 1193 516 1223; x_wconf 81' lang='lat' dir='ltr'>Iesus</span> 
     </span>
    </p>

    <p class='ocr_par' dir='ltr' id='par_1_13' title="bbox 269 1237 814 1548">
     <span class='ocr_line' id='line_1_26' title="bbox 317 1237 739 1279; baseline 0.007 -11"><span class='ocrx_word' id='word_1_70' title='bbox 317 1237 468 1279; x_wconf 74' lang='lat' dir='ltr'>Christus,</span> <span class='ocrx_word' id='word_1_71' title='bbox 495 1239 548 1278; x_wconf 90' lang='lat' dir='ltr'>qui</span> <span class='ocrx_word' id='word_1_72' title='bbox 571 1242 603 1269; x_wconf 87' lang='lat' dir='ltr'>te</span> <span class='ocrx_word' id='word_1_73' title='bbox 626 1239 739 1271; x_wconf 77' lang='lat' dir='ltr'>stravit</span> 
     </span>
     <span class='ocr_line' id='line_1_27' title="bbox 271 1284 716 1324; baseline 0.004 -9"><span class='ocrx_word' id='word_1_74' title='bbox 271 1284 331 1316; x_wconf 89' lang='lat' dir='ltr'>Via</span> <span class='ocrx_word' id='word_1_75' title='bbox 352 1284 419 1322; x_wconf 88' lang='lat' dir='ltr'>hac,</span> <span class='ocrx_word' id='word_1_76' title='bbox 445 1284 520 1316; x_wconf 85' lang='lat' dir='ltr'>mihi</span> <span class='ocrx_word' id='word_1_77' title='bbox 545 1286 716 1324; x_wconf 74' lang='lat' dir='ltr'>mandavit,</span> 
     </span>
     <span class='ocr_line' id='line_1_28' title="bbox 272 1330 723 1373; baseline 0 -10"><span class='ocrx_word' id='word_1_78' title='bbox 272 1331 318 1363; x_wconf 86' lang='lat' dir='ltr'>Ut</span> <span class='ocrx_word' id='word_1_79' title='bbox 339 1330 495 1370; x_wconf 82' lang='lat' dir='ltr'>imponam</span> <span class='ocrx_word' id='word_1_80' title='bbox 521 1332 579 1363; x_wconf 84' lang='lat' dir='ltr'>tibi</span> <span class='ocrx_word' id='word_1_81' title='bbox 604 1341 723 1373; x_wconf 88' lang='lat' dir='ltr'>manus,</span> 
     </span>
     <span class='ocr_line' id='line_1_29' title="bbox 272 1377 698 1415; baseline 0.002 -5"><span class='ocrx_word' id='word_1_82' title='bbox 272 1378 317 1410; x_wconf 87' lang='lat' dir='ltr'>Ut</span> <span class='ocrx_word' id='word_1_83' title='bbox 341 1385 397 1415; x_wconf 87' lang='lat' dir='ltr'>per</span> <span class='ocrx_word' id='word_1_84' title='bbox 422 1386 489 1407; x_wconf 88' lang='lat' dir='ltr'>eum</span> <span class='ocrx_word' id='word_1_85' title='bbox 514 1377 572 1409; x_wconf 88' lang='lat' dir='ltr'>fias</span> <span class='ocrx_word' id='word_1_86' title='bbox 595 1387 698 1411; x_wconf 80' lang='lat' dir='ltr'>sanus,</span> 
     </span>
     <span class='ocr_line' id='line_1_30' title="bbox 269 1423 814 1462; baseline 0.006 -8"><span class='ocrx_word' id='word_1_87' title='bbox 269 1423 387 1462; x_wconf 55' lang='lat' dir='ltr'>Accipe</span> <span class='ocrx_word' id='word_1_88' title='bbox 394 1424 450 1455; x_wconf 73' lang='lat' dir='ltr'>bon</span> <span class='ocrx_word' id='word_1_89' title='bbox 454 1424 639 1456; x_wconf 71' lang='lat' dir='ltr'>edictionem</span> <span class='ocrx_word' id='word_1_90' title='bbox 644 1425 814 1457; x_wconf 68' lang='lat' dir='ltr'>aDomz’ozo</span> 
     </span>
     <span class='ocr_line' id='line_1_31' title="bbox 273 1469 814 1504; baseline 0.004 -3"><span class='ocrx_word' id='word_1_91' title='bbox 273 1472 301 1501; x_wconf 78' lang='lat' dir='ltr'>et</span> <span class='ocrx_word' id='word_1_92' title='bbox 324 1469 580 1503; x_wconf 70' lang='lat' dir='ltr'>misericordiam</span> <span class='ocrx_word' id='word_1_93' title='bbox 596 1480 617 1502; x_wconf 83' lang='lat' dir='ltr'>a</span> <span class='ocrx_word' id='word_1_94' title='bbox 633 1472 701 1503; x_wconf 80' lang='lat' dir='ltr'>Deo</span> <span class='ocrx_word' id='word_1_95' title='bbox 727 1472 814 1504; x_wconf 73' lang='lat' dir='ltr'>salu-</span> 
     </span>
     <span class='ocr_line' id='line_1_32' title="bbox 271 1516 426 1548; baseline 0.006 -1"><span class='ocrx_word' id='word_1_96' title='bbox 271 1516 337 1547; x_wconf 73' lang='lat' dir='ltr'>tari</span> <span class='ocrx_word' id='word_1_97' title='bbox 362 1518 426 1548; x_wconf 58' lang='lat' dir='ltr'>tow.</span> 
     </span>
    </p>
   </div>
   <div class='ocr_carea' id='block_1_10' title="bbox 237 1571 719 1615">
    <p class='ocr_par' dir='ltr' id='par_1_14' title="bbox 237 1571 719 1615">
     <span class='ocr_line' id='line_1_33' title="bbox 237 1571 719 1615; baseline 0.004 -13"><span class='ocrx_word' id='word_1_98' title='bbox 237 1595 244 1602; x_wconf 94' lang='lat'><strong>.</strong></span> <span class='ocrx_word' id='word_1_99' title='bbox 269 1571 352 1602; x_wconf 87' lang='lat' dir='ltr'>Dum</span> <span class='ocrx_word' id='word_1_100' title='bbox 374 1571 508 1610; x_wconf 80' lang='lat' dir='ltr'>imponit</span> <span class='ocrx_word' id='word_1_101' title='bbox 528 1572 577 1603; x_wconf 88' lang='lat' dir='ltr'>illi</span> <span class='ocrx_word' id='word_1_102' title='bbox 601 1582 719 1615; x_wconf 81' lang='lat' dir='ltr'>manuS,</span> 
     </span>
    </p>
   </div>
   <div class='ocr_carea' id='block_1_11' title="bbox 271 1617 762 1841">
    <p class='ocr_par' dir='ltr' id='par_1_15' title="bbox 271 1617 762 1797">
     <span class='ocr_line' id='line_1_34' title="bbox 273 1617 762 1661; baseline 0.006 -13"><span class='ocrx_word' id='word_1_103' title='bbox 273 1617 379 1656; x_wconf 84' lang='lat' dir='ltr'>Surgit</span> <span class='ocrx_word' id='word_1_104' title='bbox 401 1617 518 1649; x_wconf 89' lang='lat' dir='ltr'>Paulus</span> <span class='ocrx_word' id='word_1_105' title='bbox 543 1621 574 1649; x_wconf 87' lang='lat' dir='ltr'>et</span> <span class='ocrx_word' id='word_1_106' title='bbox 597 1617 635 1650; x_wconf 81' lang='lat' dir='ltr'>fit</span> <span class='ocrx_word' id='word_1_107' title='bbox 657 1628 762 1661; x_wconf 90' lang='lat' dir='ltr'>sanus,</span> 
     </span>
     <span class='ocr_line' id='line_1_35' title="bbox 272 1663 752 1706; baseline 0.008 -12"><span class='ocrx_word' id='word_1_108' title='bbox 272 1663 348 1694; x_wconf 82' lang='lat' dir='ltr'>Mox</span> <span class='ocrx_word' id='word_1_109' title='bbox 372 1664 470 1695; x_wconf 79' lang='lat' dir='ltr'>sancti</span> <span class='ocrx_word' id='word_1_110' title='bbox 497 1664 625 1705; x_wconf 84' lang='lat' dir='ltr'>spiritus</span> <span class='ocrx_word' id='word_1_111' title='bbox 650 1665 752 1706; x_wconf 84' lang='lat' dir='ltr'>gratia</span> 
     </span>
     <span class='ocr_line' id='line_1_36' title="bbox 271 1710 714 1751; baseline 0.005 -10"><span class='ocrx_word' id='word_1_112' title='bbox 271 1710 418 1748; x_wconf 87' lang='lat' dir='ltr'>Replevit</span> <span class='ocrx_word' id='word_1_113' title='bbox 442 1718 521 1750; x_wconf 87' lang='lat' dir='ltr'>eum,</span> <span class='ocrx_word' id='word_1_114' title='bbox 549 1714 580 1741; x_wconf 88' lang='lat' dir='ltr'>et</span> <span class='ocrx_word' id='word_1_115' title='bbox 604 1714 714 1751; x_wconf 85' lang='lat' dir='ltr'>postea</span> 
     </span>
     <span class='ocr_line' id='line_1_37' title="bbox 273 1756 685 1797; baseline 0.002 -9"><span class='ocrx_word' id='word_1_116' title='bbox 273 1758 302 1788; x_wconf 90' lang='lat' dir='ltr'>A</span> <span class='ocrx_word' id='word_1_117' title='bbox 328 1756 484 1795; x_wconf 85' lang='lat' dir='ltr'>propheta</span> <span class='ocrx_word' id='word_1_118' title='bbox 507 1757 685 1797; x_wconf 82' lang='lat' dir='ltr'>baptizatur</span> 
     </span>
    </p>

    <p class='ocr_par' dir='ltr' id='par_1_16' title="bbox 271 1802 749 1841">
     <span class='ocr_line' id='line_1_38' title="bbox 271 1802 749 1841; baseline 0.01 -9"><span class='ocrx_word' id='word_1_119' title='bbox 271 1802 315 1834; x_wconf 86' lang='lat' dir='ltr'>Et</span> <span class='ocrx_word' id='word_1_120' title='bbox 337 1811 394 1841; x_wconf 86' lang='lat' dir='ltr'>per</span> <span class='ocrx_word' id='word_1_121' title='bbox 419 1802 520 1834; x_wconf 87' lang='lat' dir='ltr'>cibum</span> <span class='ocrx_word' id='word_1_122' title='bbox 546 1804 749 1840; x_wconf 81' lang='lat' dir='ltr'>confortatur.</span> 
     </span>
    </p>
   </div>
   <div class='ocr_carea' id='block_1_12' title="bbox 234 1849 817 1890">
    <p class='ocr_par' dir='ltr' id='par_1_17' title="bbox 234 1849 817 1890">
     <span class='ocr_line' id='line_1_39' title="bbox 234 1849 817 1890; baseline 0.01 -12"><span class='ocrx_word' id='word_1_123' title='bbox 234 1870 241 1877; x_wconf 95' lang='lat'>.</span> <span class='ocrx_word' id='word_1_124' title='bbox 272 1849 467 1880; x_wconf 81' lang='lat' dir='ltr'>Memoriam</span> <span class='ocrx_word' id='word_1_125' title='bbox 506 1850 581 1890; x_wconf 76' lang='lat' dir='ltr'>fecit</span> <span class='ocrx_word' id='word_1_126' title='bbox 617 1851 817 1884; x_wconf 73' lang='lat' dir='ltr'>mirabilium</span> 
     </span>
    </p>
   </div>
   <div class='ocr_carea' id='block_1_13' title="bbox 271 1895 816 2022">
    <p class='ocr_par' dir='ltr' id='par_1_18' title="bbox 271 1895 816 2022">
     <span class='ocr_line' id='line_1_40' title="bbox 272 1895 816 1930; baseline 0.009 -4"><span class='ocrx_word' id='word_1_127' title='bbox 272 1903 405 1926; x_wconf 72' lang='lat' dir='ltr'>suorum</span> <span class='ocrx_word' id='word_1_128' title='bbox 428 1895 608 1928; x_wconf 72' lang='lat' dir='ltr'>misericors</span> <span class='ocrx_word' id='word_1_129' title='bbox 632 1901 661 1929; x_wconf 72' lang='lat' dir='ltr'>et</span> <span class='ocrx_word' id='word_1_130' title='bbox 683 1898 816 1930; x_wconf 64' lang='lat' dir='ltr'>misera-</span> 
     </span>
     <span class='ocr_line' id='line_1_41' title="bbox 272 1941 816 1982; baseline 0.007 -10"><span class='ocrx_word' id='word_1_131' title='bbox 272 1944 321 1973; x_wconf 77' lang='lat' dir='ltr'>tor</span> <span class='ocrx_word' id='word_1_132' title='bbox 343 1941 515 1982; x_wconf 71' lang='lat' dir='ltr'>Dominus,</span> <span class='ocrx_word' id='word_1_133' title='bbox 543 1952 646 1975; x_wconf 81' lang='lat' dir='ltr'>escam</span> <span class='ocrx_word' id='word_1_134' title='bbox 670 1945 755 1978; x_wconf 69' lang='lat' dir='ltr'>dedit</span> <span class='ocrx_word' id='word_1_135' title='bbox 776 1946 816 1978; x_wconf 66' lang='lat' dir='ltr'>ti-</span> 
     </span>
     <span class='ocr_line' id='line_1_42' title="bbox 271 1988 492 2022; baseline 0.009 -3"><span class='ocrx_word' id='word_1_136' title='bbox 271 1988 427 2020; x_wconf 58' lang='lat' dir='ltr'>mentibus</span> <span class='ocrx_word' id='word_1_137' title='bbox 450 1997 492 2022; x_wconf 82' lang='lat' dir='ltr'>se.</span> 
     </span>
    </p>
   </div>
   <div class='ocr_carea' id='block_1_14' title="bbox 274 2054 799 2340">
    <p class='ocr_par' dir='ltr' id='par_1_19' title="bbox 274 2054 799 2340">
     <span class='ocr_line' id='line_1_43' title="bbox 365 2054 658 2087; baseline 0.003 -1"><span class='ocrx_word' id='word_1_138' title='bbox 365 2055 381 2086; x_wconf 91' lang='grc' dir='ltr'>Ι</span> <span class='ocrx_word' id='word_1_139' title='bbox 389 2063 410 2085; x_wconf 97' lang='grc'>11</span> <span class='ocrx_word' id='word_1_140' title='bbox 434 2054 462 2086; x_wconf 90' lang='lat' dir='ltr'>L</span> <span class='ocrx_word' id='word_1_141' title='bbox 471 2063 490 2086; x_wconf 89' lang='lat' dir='ltr'>a</span> <span class='ocrx_word' id='word_1_142' title='bbox 498 2064 518 2086; x_wconf 91' lang='grc'>11</span> <span class='ocrx_word' id='word_1_143' title='bbox 529 2055 549 2086; x_wconf 84' lang='grc'>(1</span> <span class='ocrx_word' id='word_1_144' title='bbox 557 2055 595 2086; x_wconf 90' lang='lat' dir='ltr'>ib</span> <span class='ocrx_word' id='word_1_145' title='bbox 604 2066 626 2087; x_wconf 91' lang='lat' dir='ltr'>u</span> <span class='ocrx_word' id='word_1_146' title='bbox 634 2065 658 2087; x_wconf 92' lang='lat' dir='ltr'>s.</span> 
     </span>
     <span class='ocr_line' id='line_1_44' title="bbox 413 2108 605 2145; baseline 0.005 -9"><span class='ocrx_word' id='word_1_147' title='bbox 413 2108 605 2145; x_wconf 87' lang='lat' dir='ltr'>Antiphonae.</span> 
     </span>
     <span class='ocr_line' id='line_1_45' title="bbox 274 2156 606 2191; baseline 0.012 -4"><span class='ocrx_word' id='word_1_148' title='bbox 274 2156 350 2187; x_wconf 88' lang='lat' dir='ltr'>Post</span> <span class='ocrx_word' id='word_1_149' title='bbox 374 2158 606 2191; x_wconf 85' lang='lat' dir='ltr'>conversionem</span> 
     </span>
     <span class='ocr_line' id='line_1_46' title="bbox 318 2203 718 2238; baseline 0.013 -5"><span class='ocrx_word' id='word_1_150' title='bbox 318 2203 351 2233; x_wconf 90' lang='lat' dir='ltr'>in</span> <span class='ocrx_word' id='word_1_151' title='bbox 375 2203 529 2236; x_wconf 80' lang='lat' dir='ltr'>Damasco</span> <span class='ocrx_word' id='word_1_152' title='bbox 553 2204 718 2238; x_wconf 77' lang='lat' dir='ltr'>habitabat</span> 
     </span>
     <span class='ocr_line' id='line_1_47' title="bbox 275 2249 541 2290; baseline 0.008 -9"><span class='ocrx_word' id='word_1_153' title='bbox 275 2249 352 2281; x_wconf 90' lang='lat' dir='ltr'>Cum</span> <span class='ocrx_word' id='word_1_154' title='bbox 379 2251 541 2290; x_wconf 83' lang='lat' dir='ltr'>discipulis</span> 
     </span>
     <span class='ocr_line' id='line_1_48' title="bbox 322 2296 799 2340; baseline 0.013 -14"><span class='ocrx_word' id='word_1_155' title='bbox 322 2298 353 2326; x_wconf 86' lang='lat' dir='ltr'>et</span> <span class='ocrx_word' id='word_1_156' title='bbox 377 2296 570 2330; x_wconf 86' lang='lat' dir='ltr'>confidenter</span> <span class='ocrx_word' id='word_1_157' title='bbox 593 2299 799 2340; x_wconf 83' lang='lat' dir='ltr'>praedicabat</span> 
     </span>
    </p>
   </div>
   <div class='ocr_carea' id='block_1_15' title="bbox 276 2342 813 2434">
    <p class='ocr_par' dir='ltr' id='par_1_20' title="bbox 276 2342 813 2434">
     <span class='ocr_line' id='line_1_49' title="bbox 276 2342 813 2386; baseline 0.013 -14"><span class='ocrx_word' id='word_1_158' title='bbox 276 2342 441 2386; x_wconf 83' lang='lat' dir='ltr'>Christum,</span> <span class='ocrx_word' id='word_1_159' title='bbox 475 2348 592 2386; x_wconf 87' lang='lat' dir='ltr'>natum,</span> <span class='ocrx_word' id='word_1_160' title='bbox 617 2347 813 2379; x_wconf 86' lang='lat' dir='ltr'>incarnatum</span> 
     </span>
     <span class='ocr_line' id='line_1_50' title="bbox 319 2389 652 2434; baseline 0.018 -14"><span class='ocrx_word' id='word_1_161' title='bbox 319 2389 370 2421; x_wconf 85' lang='lat' dir='ltr'>Ex</span> <span class='ocrx_word' id='word_1_162' title='bbox 394 2391 498 2424; x_wconf 84' lang='lat' dir='ltr'>Maria</span> <span class='ocrx_word' id='word_1_163' title='bbox 522 2393 652 2434; x_wconf 86' lang='lat' dir='ltr'>virgine,</span> 
     </span>
    </p>
   </div>
   <div class='ocr_carea' id='block_1_16' title="bbox 944 239 1396 320">
    <p class='ocr_par' dir='ltr' id='par_1_21' title="bbox 944 239 1396 320">
     <span class='ocr_line' id='line_1_51' title="bbox 944 239 1396 273; baseline -0.007 0"><span class='ocrx_word' id='word_1_164' title='bbox 944 240 1133 273; x_wconf 77' lang='lat' dir='ltr'>Crucifixum</span> <span class='ocrx_word' id='word_1_165' title='bbox 1159 242 1191 272; x_wconf 81' lang='lat' dir='ltr'>et</span> <span class='ocrx_word' id='word_1_166' title='bbox 1216 239 1396 273; x_wconf 85' lang='lat' dir='ltr'>damnatum</span> 
     </span>
     <span class='ocr_line' id='line_1_52' title="bbox 990 285 1367 320; baseline 0 0"><span class='ocrx_word' id='word_1_167' title='bbox 990 289 1053 320; x_wconf 86' lang='lat' dir='ltr'>Pro</span> <span class='ocrx_word' id='word_1_168' title='bbox 1075 296 1202 320; x_wconf 86' lang='lat' dir='ltr'>suorum</span> <span class='ocrx_word' id='word_1_169' title='bbox 1227 285 1367 320; x_wconf 84' lang='lat' dir='ltr'>crimine.</span> 
     </span>
    </p>
   </div>
   <div class='ocr_carea' id='block_1_17' title="bbox 909 342 1423 379">
    <p class='ocr_par' dir='ltr' id='par_1_22' title="bbox 909 342 1423 379">
     <span class='ocr_line' id='line_1_53' title="bbox 909 342 1423 379; baseline -0.01 -1"><span class='ocrx_word' id='word_1_170' title='bbox 909 371 917 379; x_wconf 90' lang='lat'><strong>.</strong></span> <span class='ocrx_word' id='word_1_171' title='bbox 943 344 1036 376; x_wconf 79' lang='lat' dir='ltr'>Hanc</span> <span class='ocrx_word' id='word_1_172' title='bbox 1060 344 1234 376; x_wconf 85' lang='lat' dir='ltr'>doctrinam</span> <span class='ocrx_word' id='word_1_173' title='bbox 1258 342 1423 375; x_wconf 81' lang='lat' dir='ltr'>audientes</span> 
     </span>
    </p>
   </div>
   <div class='ocr_carea' id='block_1_18' title="bbox 943 390 1490 568">
    <p class='ocr_par' dir='ltr' id='par_1_23' title="bbox 943 390 1357 470">
     <span class='ocr_line' id='line_1_54' title="bbox 943 390 1357 431; baseline -0.002 -9"><span class='ocrx_word' id='word_1_174' title='bbox 943 390 1119 431; x_wconf 84' lang='lat' dir='ltr'>Stupefacti</span> <span class='ocrx_word' id='word_1_175' title='bbox 1144 394 1176 422; x_wconf 91' lang='lat' dir='ltr'>et</span> <span class='ocrx_word' id='word_1_176' title='bbox 1201 391 1357 422; x_wconf 87' lang='lat' dir='ltr'>dicentes:</span> 
     </span>
     <span class='ocr_line' id='line_1_55' title="bbox 943 437 1215 470; baseline -0.004 -1"><span class='ocrx_word' id='word_1_177' title='bbox 943 437 1055 470; x_wconf 84' lang='lat' dir='ltr'>Nonne</span> <span class='ocrx_word' id='word_1_178' title='bbox 1081 438 1130 470; x_wconf 90' lang='lat' dir='ltr'>vir</span> <span class='ocrx_word' id='word_1_179' title='bbox 1154 438 1215 469; x_wconf 87' lang='lat' dir='ltr'>iste</span> 
     </span>
    </p>

    <p class='ocr_par' dir='ltr' id='par_1_24' title="bbox 944 485 1490 568">
     <span class='ocr_line' id='line_1_56' title="bbox 989 485 1317 524; baseline -0.003 -8"><span class='ocrx_word' id='word_1_180' title='bbox 989 485 1079 517; x_wconf 89' lang='lat' dir='ltr'>illum</span> <span class='ocrx_word' id='word_1_181' title='bbox 1103 485 1317 524; x_wconf 73' lang='lat' dir='ltr'>impugnabat,</span> 
     </span>
     <span class='ocr_line' id='line_1_57' title="bbox 944 528 1490 568; baseline -0.004 -6"><span class='ocrx_word' id='word_1_182' title='bbox 944 530 1002 568; x_wconf 78' lang='lat' dir='ltr'>Qui</span> <span class='ocrx_word' id='word_1_183' title='bbox 1026 540 1139 563; x_wconf 90' lang='lat' dir='ltr'>nomen</span> <span class='ocrx_word' id='word_1_184' title='bbox 1165 531 1283 563; x_wconf 86' lang='lat' dir='ltr'>Christi</span> <span class='ocrx_word' id='word_1_185' title='bbox 1298 528 1490 562; x_wconf 82' lang='lat' dir='ltr'>invocabat?</span> 
     </span>
    </p>
   </div>
   <div class='ocr_carea' id='block_1_19' title="bbox 885 586 1435 619">
    <p class='ocr_par' dir='ltr' id='par_1_25' title="bbox 885 586 1435 619">
     <span class='ocr_line' id='line_1_58' title="bbox 885 586 1435 619; baseline 0 -3"><span class='ocrx_word' id='word_1_186' title='bbox 885 607 892 616; x_wconf 89' lang='lat'>.</span> <span class='ocrx_word' id='word_1_187' title='bbox 908 611 915 619; x_wconf 94' lang='lat'>.</span> <span class='ocrx_word' id='word_1_188' title='bbox 943 586 1055 618; x_wconf 86' lang='lat' dir='ltr'>Saulus</span> <span class='ocrx_word' id='word_1_189' title='bbox 1077 587 1170 618; x_wconf 86' lang='lat' dir='ltr'>nimis</span> <span class='ocrx_word' id='word_1_190' title='bbox 1195 586 1435 618; x_wconf 86' lang='lat' dir='ltr'>convalescebat</span> 
     </span>
    </p>
   </div>
   <div class='ocr_carea' id='block_1_20' title="bbox 941 632 1396 854">
    <p class='ocr_par' dir='ltr' id='par_1_26' title="bbox 941 632 1396 854">
     <span class='ocr_line' id='line_1_59' title="bbox 942 632 1396 673; baseline -0.002 -9"><span class='ocrx_word' id='word_1_191' title='bbox 942 633 987 664; x_wconf 82' lang='lat' dir='ltr'>Et</span> <span class='ocrx_word' id='word_1_192' title='bbox 1009 634 1145 665; x_wconf 87' lang='lat' dir='ltr'>Iudaeos</span> <span class='ocrx_word' id='word_1_193' title='bbox 1173 632 1396 673; x_wconf 85' lang='lat' dir='ltr'>confundebat,</span> 
     </span>
     <span class='ocr_line' id='line_1_60' title="bbox 943 679 1235 712; baseline 0 -1"><span class='ocrx_word' id='word_1_194' title='bbox 943 679 1020 711; x_wconf 86' lang='lat' dir='ltr'>Cum</span> <span class='ocrx_word' id='word_1_195' title='bbox 1048 679 1177 711; x_wconf 82' lang='lat' dir='ltr'>Graecis</span> <span class='ocrx_word' id='word_1_196' title='bbox 1203 685 1235 712; x_wconf 86' lang='lat' dir='ltr'>et</span> 
     </span>
     <span class='ocr_line' id='line_1_61' title="bbox 989 726 1348 769; baseline -0.003 -12"><span class='ocrx_word' id='word_1_197' title='bbox 989 726 1133 766; x_wconf 86' lang='lat' dir='ltr'>gentibus</span> <span class='ocrx_word' id='word_1_198' title='bbox 1156 726 1348 769; x_wconf 80' lang='lat' dir='ltr'>disputabat,</span> 
     </span>
     <span class='ocr_line' id='line_1_62' title="bbox 941 771 1134 805; baseline 0 -1"><span class='ocrx_word' id='word_1_199' title='bbox 941 771 1070 805; x_wconf 85' lang='lat' dir='ltr'>Fideles</span> <span class='ocrx_word' id='word_1_200' title='bbox 1102 776 1134 805; x_wconf 94' lang='lat' dir='ltr'>et</span> 
     </span>
     <span class='ocr_line' id='line_1_63' title="bbox 989 819 1388 854; baseline 0.005 -3"><span class='ocrx_word' id='word_1_201' title='bbox 989 820 1153 852; x_wconf 83' lang='lat' dir='ltr'>credentes</span> <span class='ocrx_word' id='word_1_202' title='bbox 1180 819 1388 854; x_wconf 80' lang='lat' dir='ltr'>confortabat.</span> 
     </span>
    </p>
   </div>
   <div class='ocr_carea' id='block_1_21' title="bbox 908 875 1437 916">
    <p class='ocr_par' dir='ltr' id='par_1_27' title="bbox 908 875 1437 916">
     <span class='ocr_line' id='line_1_64' title="bbox 908 875 1437 916; baseline 0 -9"><span class='ocrx_word' id='word_1_203' title='bbox 908 899 915 907; x_wconf 90' lang='lat'><strong>.</strong></span> <span class='ocrx_word' id='word_1_204' title='bbox 942 875 1107 916; x_wconf 80' lang='lat' dir='ltr'>synagoga</span> <span class='ocrx_word' id='word_1_205' title='bbox 1130 876 1301 915; x_wconf 81' lang='lat' dir='ltr'>quaerebat</span> <span class='ocrx_word' id='word_1_206' title='bbox 1323 884 1437 916; x_wconf 86' lang='lat' dir='ltr'>capere</span> 
     </span>
    </p>
   </div>
   <div class='ocr_carea' id='block_1_22' title="bbox 941 921 1434 1148">
    <p class='ocr_par' dir='ltr' id='par_1_28' title="bbox 941 921 1434 1148">
     <span class='ocr_line' id='line_1_65' title="bbox 942 921 1434 963; baseline 0.002 -9"><span class='ocrx_word' id='word_1_207' title='bbox 942 923 1006 954; x_wconf 84' lang='lat' dir='ltr'>Vas</span> <span class='ocrx_word' id='word_1_208' title='bbox 1032 923 1162 954; x_wconf 87' lang='lat' dir='ltr'>electum</span> <span class='ocrx_word' id='word_1_209' title='bbox 1190 925 1221 953; x_wconf 86' lang='lat' dir='ltr'>et</span> <span class='ocrx_word' id='word_1_210' title='bbox 1244 921 1434 963; x_wconf 85' lang='lat' dir='ltr'>interficere,</span> 
     </span>
     <span class='ocr_line' id='line_1_66' title="bbox 941 968 1201 1001; baseline 0 -1"><span class='ocrx_word' id='word_1_211' title='bbox 941 968 1004 1000; x_wconf 81' lang='lat' dir='ltr'>Sed</span> <span class='ocrx_word' id='word_1_212' title='bbox 1029 969 1201 1001; x_wconf 87' lang='lat' dir='ltr'>submissus</span> 
     </span>
     <span class='ocr_line' id='line_1_67' title="bbox 988 1015 1415 1055; baseline 0 -8"><span class='ocrx_word' id='word_1_213' title='bbox 988 1024 1046 1055; x_wconf 90' lang='lat' dir='ltr'>per</span> <span class='ocrx_word' id='word_1_214' title='bbox 1069 1025 1193 1048; x_wconf 89' lang='lat' dir='ltr'>murum</span> <span class='ocrx_word' id='word_1_215' title='bbox 1218 1026 1237 1048; x_wconf 92' lang='lat' dir='ltr'>a</span> <span class='ocrx_word' id='word_1_216' title='bbox 1261 1015 1415 1048; x_wconf 82' lang='lat' dir='ltr'>fratribus</span> 
     </span>
     <span class='ocr_line' id='line_1_68' title="bbox 941 1062 1312 1101; baseline 0.003 -8"><span class='ocrx_word' id='word_1_217' title='bbox 941 1062 1036 1093; x_wconf 85' lang='lat' dir='ltr'>Venit</span> <span class='ocrx_word' id='word_1_218' title='bbox 1058 1062 1312 1101; x_wconf 84' lang='lat' dir='ltr'>Hierosolymam</span> 
     </span>
     <span class='ocr_line' id='line_1_69' title="bbox 988 1110 1183 1148; baseline 0.015 -9"><span class='ocrx_word' id='word_1_219' title='bbox 988 1110 1183 1148; x_wconf 85' lang='lat' dir='ltr'>quantocius.</span> 
     </span>
    </p>
   </div>
   <div class='ocr_carea' id='block_1_23' title="bbox 909 1163 1475 1207">
    <p class='ocr_par' dir='ltr' id='par_1_29' title="bbox 909 1163 1475 1207">
     <span class='ocr_line' id='line_1_70' title="bbox 909 1163 1475 1207; baseline 0.002 -10"><span class='ocrx_word' id='word_1_220' title='bbox 909 1190 916 1197; x_wconf 92' lang='lat'><em>.</em></span> <span class='ocrx_word' id='word_1_221' title='bbox 942 1163 1105 1196; x_wconf 83' lang='lat' dir='ltr'>Barnabas</span> <span class='ocrx_word' id='word_1_222' title='bbox 1132 1166 1305 1207; x_wconf 86' lang='lat' dir='ltr'>discipulus</span> <span class='ocrx_word' id='word_1_223' title='bbox 1331 1167 1475 1199; x_wconf 89' lang='lat' dir='ltr'>omnibus</span> 
     </span>
    </p>
   </div>
   <div class='ocr_carea' id='block_1_24' title="bbox 939 1210 1492 1393">
    <p class='ocr_par' dir='ltr' id='par_1_30' title="bbox 941 1210 1218 1252">
     <span class='ocr_line' id='line_1_71' title="bbox 941 1210 1218 1252; baseline 0.011 -10"><span class='ocrx_word' id='word_1_224' title='bbox 941 1210 1102 1251; x_wconf 86' lang='lat' dir='ltr'>Narravit,</span> <span class='ocrx_word' id='word_1_225' title='bbox 1134 1213 1218 1252; x_wconf 87' lang='lat' dir='ltr'>quod</span> 
     </span>
    </p>

    <p class='ocr_par' dir='ltr' id='par_1_31' title="bbox 939 1258 1492 1393">
     <span class='ocr_line' id='line_1_72' title="bbox 988 1258 1300 1299; baseline 0.006 -10"><span class='ocrx_word' id='word_1_226' title='bbox 988 1258 1103 1297; x_wconf 86' lang='lat' dir='ltr'>egisset</span> <span class='ocrx_word' id='word_1_227' title='bbox 1127 1259 1300 1299; x_wconf 90' lang='lat' dir='ltr'>Dominus;</span> 
     </span>
     <span class='ocr_line' id='line_1_73' title="bbox 940 1304 1492 1340; baseline 0.009 -5"><span class='ocrx_word' id='word_1_228' title='bbox 940 1304 984 1336; x_wconf 83' lang='lat' dir='ltr'>Hi</span> <span class='ocrx_word' id='word_1_229' title='bbox 993 1305 1055 1336; x_wconf 84' lang='lat' dir='ltr'>iam</span> <span class='ocrx_word' id='word_1_230' title='bbox 1063 1313 1124 1337; x_wconf 87' lang='lat' dir='ltr'>non</span> <span class='ocrx_word' id='word_1_231' title='bbox 1133 1307 1278 1338; x_wconf 82' lang='lat' dir='ltr'>timentes</span> <span class='ocrx_word' id='word_1_232' title='bbox 1286 1308 1492 1340; x_wconf 82' lang='lat' dir='ltr'>crediderunt</span> 
     </span>
     <span class='ocr_line' id='line_1_74' title="bbox 939 1350 1489 1393; baseline 0.009 -11"><span class='ocrx_word' id='word_1_233' title='bbox 939 1350 984 1382; x_wconf 88' lang='lat' dir='ltr'>Et</span> <span class='ocrx_word' id='word_1_234' title='bbox 1017 1352 1154 1392; x_wconf 83' lang='lat' dir='ltr'>benigne</span> <span class='ocrx_word' id='word_1_235' title='bbox 1179 1361 1248 1384; x_wconf 84' lang='lat' dir='ltr'>eum</span> <span class='ocrx_word' id='word_1_236' title='bbox 1273 1359 1489 1393; x_wconf 83' lang='lat' dir='ltr'>susceperunt.</span> 
     </span>
    </p>
   </div>
   <div class='ocr_carea' id='block_1_25' title="bbox 1053 1425 1305 1455">
    <p class='ocr_par' dir='ltr' id='par_1_32' title="bbox 1053 1425 1305 1455">
     <span class='ocr_line' id='line_1_75' title="bbox 1053 1425 1305 1455; baseline 0.004 -3"><span class='ocrx_word' id='word_1_237' title='bbox 1053 1425 1099 1453; x_wconf 84' lang='lat' dir='ltr'>Ad</span> <span class='ocrx_word' id='word_1_238' title='bbox 1122 1426 1305 1455; x_wconf 77' lang='lat' dir='ltr'>Benedictus.</span> 
     </span>
    </p>
   </div>
   <div class='ocr_carea' id='block_1_26' title="bbox 904 1480 1261 1527">
    <p class='ocr_par' dir='ltr' id='par_1_33' title="bbox 904 1480 1261 1527">
     <span class='ocr_line' id='line_1_76' title="bbox 904 1480 1261 1527; baseline 0.003 -13"><span class='ocrx_word' id='word_1_239' title='bbox 904 1507 911 1514; x_wconf 94' lang='lat'>.</span> <span class='ocrx_word' id='word_1_240' title='bbox 942 1480 966 1512; x_wconf 96' lang='lat' dir='ltr'>O</span> <span class='ocrx_word' id='word_1_241' title='bbox 992 1483 1096 1513; x_wconf 85' lang='lat' dir='ltr'>oriens</span> <span class='ocrx_word' id='word_1_242' title='bbox 1120 1492 1158 1514; x_wconf 81' lang='lat' dir='ltr'>ex</span> <span class='ocrx_word' id='word_1_243' title='bbox 1187 1484 1261 1527; x_wconf 88' lang='lat' dir='ltr'>alto,</span> 
     </span>
    </p>
   </div>
   <div class='ocr_carea' id='block_1_27' title="bbox 919 1529 1373 2036">
    <p class='ocr_par' dir='ltr' id='par_1_34' title="bbox 919 1529 1373 2036">
     <span class='ocr_line' id='line_1_77' title="bbox 989 1529 1213 1561; baseline 0.004 -1"><span class='ocrx_word' id='word_1_244' title='bbox 989 1538 1045 1560; x_wconf 88' lang='lat' dir='ltr'>nos</span> <span class='ocrx_word' id='word_1_245' title='bbox 1069 1529 1213 1561; x_wconf 89' lang='lat' dir='ltr'>illumina</span> 
     </span>
     <span class='ocr_line' id='line_1_78' title="bbox 940 1574 1346 1610; baseline 0.01 -5"><span class='ocrx_word' id='word_1_246' title='bbox 940 1574 984 1606; x_wconf 86' lang='lat' dir='ltr'>Et</span> <span class='ocrx_word' id='word_1_247' title='bbox 1006 1576 1151 1608; x_wconf 76' lang='lat' dir='ltr'>sedentes</span> <span class='ocrx_word' id='word_1_248' title='bbox 1175 1577 1208 1607; x_wconf 93' lang='lat' dir='ltr'>in</span> <span class='ocrx_word' id='word_1_249' title='bbox 1232 1578 1346 1610; x_wconf 87' lang='lat' dir='ltr'>umbra</span> 
     </span>
     <span class='ocr_line' id='line_1_79' title="bbox 988 1622 1218 1655; baseline 0 -1"><span class='ocrx_word' id='word_1_250' title='bbox 988 1622 1098 1654; x_wconf 87' lang='lat' dir='ltr'>mortis</span> <span class='ocrx_word' id='word_1_251' title='bbox 1124 1624 1218 1655; x_wconf 86' lang='lat' dir='ltr'>visita</span> 
     </span>
     <span class='ocr_line' id='line_1_80' title="bbox 941 1667 1256 1709; baseline 0.013 -11"><span class='ocrx_word' id='word_1_252' title='bbox 941 1667 985 1699; x_wconf 85' lang='lat' dir='ltr'>Et</span> <span class='ocrx_word' id='word_1_253' title='bbox 1005 1669 1103 1709; x_wconf 83' lang='lat' dir='ltr'>pedes</span> <span class='ocrx_word' id='word_1_254' title='bbox 1133 1673 1256 1702; x_wconf 87' lang='lat' dir='ltr'>nostros</span> 
     </span>
     <span class='ocr_line' id='line_1_81' title="bbox 991 1715 1304 1750; baseline 0.013 -4"><span class='ocrx_word' id='word_1_255' title='bbox 991 1715 1030 1746; x_wconf 87' lang='lat' dir='ltr'>de</span> <span class='ocrx_word' id='word_1_256' title='bbox 1054 1717 1137 1748; x_wconf 89' lang='lat' dir='ltr'>valle</span> <span class='ocrx_word' id='word_1_257' title='bbox 1159 1717 1304 1750; x_wconf 79' lang='lat' dir='ltr'>miseriae</span> 
     </span>
     <span class='ocr_line' id='line_1_82' title="bbox 919 1760 1271 1796; baseline 0.011 -4"><span class='ocrx_word' id='word_1_258' title='bbox 919 1760 974 1793; x_wconf 90' lang='lat' dir='ltr'>Ad</span> <span class='ocrx_word' id='word_1_259' title='bbox 997 1771 1106 1794; x_wconf 86' lang='lat' dir='ltr'>verum</span> <span class='ocrx_word' id='word_1_260' title='bbox 1133 1768 1271 1796; x_wconf 88' lang='lat' dir='ltr'>montem</span> 
     </span>
     <span class='ocr_line' id='line_1_83' title="bbox 990 1811 1299 1852; baseline 0.013 -12"><span class='ocrx_word' id='word_1_261' title='bbox 990 1817 1058 1840; x_wconf 91' lang='lat' dir='ltr'>cum</span> <span class='ocrx_word' id='word_1_262' title='bbox 1080 1818 1160 1850; x_wconf 85' lang='lat' dir='ltr'>pace</span> <span class='ocrx_word' id='word_1_263' title='bbox 1187 1811 1299 1852; x_wconf 85' lang='lat' dir='ltr'>dirige,</span> 
     </span>
     <span class='ocr_line' id='line_1_84' title="bbox 942 1852 1248 1890; baseline 0.016 -5"><span class='ocrx_word' id='word_1_264' title='bbox 942 1852 1006 1887; x_wconf 86' lang='lat' dir='ltr'>Per</span> <span class='ocrx_word' id='word_1_265' title='bbox 1030 1858 1132 1889; x_wconf 82' lang='lat' dir='ltr'>sancti</span> <span class='ocrx_word' id='word_1_266' title='bbox 1156 1858 1248 1890; x_wconf 90' lang='lat' dir='ltr'>Pauli</span> 
     </span>
     <span class='ocr_line' id='line_1_85' title="bbox 989 1904 1262 1942; baseline 0.015 -8"><span class='ocrx_word' id='word_1_267' title='bbox 989 1904 1124 1942; x_wconf 81' lang='lat' dir='ltr'>apostoli</span> <span class='ocrx_word' id='word_1_268' title='bbox 1149 1906 1262 1938; x_wconf 85' lang='lat' dir='ltr'>merita</span> 
     </span>
     <span class='ocr_line' id='line_1_86' title="bbox 942 1947 1373 1994; baseline 0.016 -15"><span class='ocrx_word' id='word_1_269' title='bbox 942 1947 994 1980; x_wconf 89' lang='lat' dir='ltr'>Da</span> <span class='ocrx_word' id='word_1_270' title='bbox 1015 1950 1116 1990; x_wconf 90' lang='lat' dir='ltr'>nobis,</span> <span class='ocrx_word' id='word_1_271' title='bbox 1138 1952 1213 1983; x_wconf 78' lang='lat' dir='ltr'>lesu</span> <span class='ocrx_word' id='word_1_272' title='bbox 1237 1953 1373 1994; x_wconf 81' lang='lat' dir='ltr'>Christe,</span> 
     </span>
     <span class='ocr_line' id='line_1_87' title="bbox 991 1998 1257 2036; baseline 0.023 -10"><span class='ocrx_word' id='word_1_273' title='bbox 991 2005 1111 2028; x_wconf 87' lang='lat' dir='ltr'>summa</span> <span class='ocrx_word' id='word_1_274' title='bbox 1132 1998 1257 2036; x_wconf 88' lang='lat' dir='ltr'>gaudia.</span> 
     </span>
    </p>
   </div>
   <div class='ocr_carea' id='block_1_28' title="bbox 1008 2089 1355 2191">
    <p class='ocr_par' dir='ltr' id='par_1_35' title="bbox 1008 2089 1355 2191">
     <span class='ocr_line' id='line_1_88' title="bbox 1008 2089 1355 2132; baseline 0.02 -12"><span class='ocrx_word' id='word_1_275' title='bbox 1008 2089 1054 2120; x_wconf 90' lang='lat' dir='ltr'>In</span> <span class='ocrx_word' id='word_1_276' title='bbox 1079 2092 1110 2123; x_wconf 83' lang='lat'>2.</span> <span class='ocrx_word' id='word_1_277' title='bbox 1136 2091 1355 2132; x_wconf 85' lang='lat' dir='ltr'>Vesperis.</span> 
     </span>
     <span class='ocr_line' id='line_1_89' title="bbox 1060 2154 1304 2191; baseline 0.02 -10"><span class='ocrx_word' id='word_1_278' title='bbox 1060 2154 1106 2181; x_wconf 81' lang='lat' dir='ltr'>Ad</span> <span class='ocrx_word' id='word_1_279' title='bbox 1126 2156 1304 2191; x_wconf 74' lang='lat' dir='ltr'>Magnificat.</span> 
     </span>
    </p>
   </div>
   <div class='ocr_carea' id='block_1_29' title="bbox 873 2208 1494 2260">
    <p class='ocr_par' dir='ltr' id='par_1_36' title="bbox 873 2208 1494 2260">
     <span class='ocr_line' id='line_1_90' title="bbox 873 2208 1494 2260; baseline 0.021 -21"><span class='ocrx_word' id='word_1_280' title='bbox 873 2210 915 2240; x_wconf 88' lang='lat' dir='ltr'>A.</span> <span class='ocrx_word' id='word_1_281' title='bbox 943 2208 981 2241; x_wconf 88' lang='lat' dir='ltr'>In</span> <span class='ocrx_word' id='word_1_282' title='bbox 997 2210 1095 2244; x_wconf 88' lang='lat' dir='ltr'>Paulo</span> <span class='ocrx_word' id='word_1_283' title='bbox 1108 2214 1277 2252; x_wconf 83' lang='lat' dir='ltr'>prophetia</span> <span class='ocrx_word' id='word_1_284' title='bbox 1290 2220 1338 2248; x_wconf 85' lang='lat' dir='ltr'>est</span> <span class='ocrx_word' id='word_1_285' title='bbox 1350 2218 1494 2260; x_wconf 80' lang='lat' dir='ltr'>impleta,</span> 
     </span>
    </p>
   </div>
   <div class='ocr_carea' id='block_1_30' title="bbox 943 2255 1449 2452">
    <p class='ocr_par' dir='ltr' id='par_1_37' title="bbox 943 2255 1195 2297">
     <span class='ocr_line' id='line_1_91' title="bbox 943 2255 1195 2297; baseline 0.016 -10"><span class='ocrx_word' id='word_1_286' title='bbox 943 2255 1010 2294; x_wconf 78' lang='lat' dir='ltr'>Qua</span> <span class='ocrx_word' id='word_1_287' title='bbox 1031 2259 1195 2297; x_wconf 78' lang='lat' dir='ltr'>praedixit</span> 
     </span>
    </p>

    <p class='ocr_par' dir='ltr' id='par_1_38' title="bbox 945 2305 1449 2452">
     <span class='ocr_line' id='line_1_92' title="bbox 993 2305 1432 2351; baseline 0.025 -17"><span class='ocrx_word' id='word_1_288' title='bbox 993 2305 1177 2344; x_wconf 81' lang='lat' dir='ltr'>patriarcha</span> <span class='ocrx_word' id='word_1_289' title='bbox 1202 2311 1235 2339; x_wconf 90' lang='lat' dir='ltr'>et</span> <span class='ocrx_word' id='word_1_290' title='bbox 1257 2312 1432 2351; x_wconf 87' lang='lat' dir='ltr'>propheta:</span> 
     </span>
     <span class='ocr_line' id='line_1_93' title="bbox 947 2349 1442 2400; baseline 0.024 -19"><span class='ocrx_word' id='word_1_291' title='bbox 947 2349 1113 2384; x_wconf 83' lang='lat' dir='ltr'>Beniamin</span> <span class='ocrx_word' id='word_1_292' title='bbox 1138 2355 1200 2385; x_wconf 89' lang='lat' dir='ltr'>erit</span> <span class='ocrx_word' id='word_1_293' title='bbox 1222 2357 1316 2396; x_wconf 87' lang='lat' dir='ltr'>lupus</span> <span class='ocrx_word' id='word_1_294' title='bbox 1341 2369 1442 2400; x_wconf 84' lang='lat' dir='ltr'>rapax</span> 
     </span>
     <span class='ocr_line' id='line_1_94' title="bbox 945 2396 1449 2452; baseline 0.028 -24"><span class='ocrx_word' id='word_1_295' title='bbox 945 2396 990 2429; x_wconf 86' lang='lat' dir='ltr'>Et</span> <span class='ocrx_word' id='word_1_296' title='bbox 1013 2398 1047 2429; x_wconf 86' lang='lat' dir='ltr'>in</span> <span class='ocrx_word' id='word_1_297' title='bbox 1071 2401 1193 2438; x_wconf 86' lang='lat' dir='ltr'>praeda</span> <span class='ocrx_word' id='word_1_298' title='bbox 1218 2404 1312 2436; x_wconf 87' lang='lat' dir='ltr'>nimis</span> <span class='ocrx_word' id='word_1_299' title='bbox 1337 2415 1449 2452; x_wconf 81' lang='lat' dir='ltr'>capax,</span> 
     </span>
    </p>
   </div>
  </div>
 </body>
</html>
