1655 2534
748 159 793 164 -
843 138 910 174 148
958 156 1005 162 .-

301 234 385 267 Laus
411 236 442 266 et
465 235 564 267 honor
587 234 743 266 tribuatur
1043 231 1088 262 In
1114 232 1146 264 2.
1171 231 1278 271 Vesp
1289 230 1384 263 eris.

304 281 427 314 Christo
452 282 528 321 regi,
553 283 589 313 ut
611 282 750 313 solvatur

348 328 503 360 Mentium
525 328 666 368 penuria.

418 401 463 428 Ad
482 401 663 429 Benedictus.

232 460 273 491 A.
304 458 485 489 Sanctorum
511 467 569 498 per
592 457 748 498 suffragia,

346 504 418 536 Iesu
444 504 576 543 Christe,
601 508 709 543 pastor
732 503 823 543 bone,

302 550 414 582 Mundi
440 551 517 582 seda
540 550 714 590 naufragia=

348 596 406 634 Qui
430 599 575 635 potenter
598 597 630 627 in
655 605 754 636 agone

300 643 413 674 Mortis
435 651 553 681 poenas
577 643 776 681 pertulerunt

302 688 346 719 Et
368 691 516 720 aeternae
538 691 719 719 meruerunt

348 735 493 766 Praemia
519 743 659 766 coronae.

1096 352 1141 379 Ad
1160 350 1338 386 Mag-nificat.

904 457 944 490 A.
972 455 1161 487 Praesulatu
1184 455 1372 486 sublimatur

1021 502 1215 541 Praeiectus,
1241 502 1290 534 vir
1317 501 1451 541 divinus,

977 548 1127 588 Regulari
1154 549 1321 580 decoratur

1023 595 1152 626 Honore
1176 595 1357 636 Amarinus,

977 641 1071 673 Alter
1095 641 1220 672 turbam
1246 641 1432 672 clericorum

971 687 1076 731 Rexit,
1103 688 1185 719 alter
1209 688 1443 729 monachorum,

1019 734 1073 766 Sic
1097 733 1188 766 fulsit
1211 735 1312 766 honor
1337 735 1440 768 binuS.

303 798 387 824 Brev.
407 806 459 825 ms.
479 799 680 826 Monastieum.
710 806 785 826 saec.
808 797 851 826 15.
893 798 961 826 Ood.
991 798 1149 826 Eremiten.
1178 796 1242 825 759.
1262 813 1301 817 —
1320 798 1356 825 ln
1378 797 1402 826 1.
1422 800 1526 836 Vesp.

230 836 266 862 ad
284 835 404 870 Magnis.
426 833 457 870 Α,
474 836 488 862 1
508 835 558 862 hic
570 838 694 871 patroni.
707 851 746 855 —
757 837 796 863 In
813 834 836 863 1.
851 837 953 864 Noet.
968 833 990 863 Ᾱ
1007 833 1033 870 3,
1048 833 1066 862 2
1078 836 1168 863 Matri
1182 836 1306 863 solemni
1321 838 1475 864 visionem.
1488 852 1526 856 —

230 871 249 898 R
273 871 297 907 1,
317 871 333 898 7
359 872 435 899 Mire
460 873 644 900 trucidarent.
673 888 712 892 —
739 871 758 899 R
789 872 817 907 4,
838 873 855 900 7
886 874 940 901 Vir
966 873 1077 901 illesus.
1106 888 1144 892 --
1173 874 1271 901 Hiezu
1299 873 1350 901 der
1375 874 1525 909 Hymnus:

231 910 335 937 Annua
354 909 429 937 festa
452 910 578 938 celebret
598 911 720 938 ecclesia
738 910 833 945 (Anal.
855 911 966 946 XXIII,
987 908 1060 945 260).

595 999 641 1030 53.
672 998 716 1031 De
736 1008 776 1031 ss.
802 1000 938 1040 Quinque
960 1000 1160 1039 martyribus.

364 1068 409 1099 In
435 1068 466 1100 1.
492 1069 706 1108 vesperis„
918 1072 949 1103 5.
975 1070 1072 1101 Vultu
1096 1074 1210 1111 petunt
1233 1072 1377 1113 angelico

974 1117 1091 1149 Christi
1117 1118 1252 1157 pedibus
1276 1119 1350 1150 ilico

1020 1163 1159 1203 Cupiunt
1181 1165 1358 1206 inhaerere,

976 1210 1054 1242 Mox
1078 1211 1128 1242 his
1151 1215 1245 1251 pater
1271 1213 1468 1244 consentiens

976 1256 1020 1288 Et
1043 1256 1186 1290 fervidos
1214 1259 1410 1298 conspiciens

1022 1304 1085 1336 Hic
1108 1307 1241 1337 mortem
1267 1315 1331 1337 non
1356 1307 1478 1340 timere.

438 1151 631 1186 Antiphonae.

247 1219 278 1249 1.
304 1216 411 1247 Virtus
437 1217 553 1249 Christi
578 1218 640 1249 iam
664 1219 825 1259 panditur,

297 1262 438 1302 Fideque
462 1272 534 1302 spes
560 1265 721 1296 extollitur

347 1309 508 1341 Victorum
533 1312 698 1351 martyrio,

298 1355 444 1388 Ecclesia
468 1366 560 1396 quam
584 1358 699 1389 nobilis

301 1401 506 1442 Gaudeatque
530 1404 712 1442 spectabilis

346 1448 458 1481 Cordis
484 1450 650 1484 desiderio,

267 1549 274 1556 .
302 1523 466 1554 Francisci
486 1522 579 1555 flores
604 1526 743 1564 germine

301 1568 459 1600 Christum
479 1569 610 1608 profuso
636 1573 787 1612 sanguine

348 1615 451 1655 Opere
472 1616 646 1659 imitantur,

303 1662 443 1693 Honorio
468 1662 617 1701 pontifice

304 1707 454 1747 Sixtoque
477 1718 562 1740 nunc
585 1709 698 1749 opifice

348 1754 484 1786 Mirifice
508 1760 706 1790 venerantur.

269 1853 277 1861 ,
302 1827 368 1858 Hos
395 1828 510 1860 Christi
535 1831 733 1869 providentia

305 1874 415 1905 Voluit
438 1878 470 1906 et
495 1877 660 1909 clementia
772 1879 775 1882 '

349 1921 508 1962 Martyres
533 1928 689 1956 reservari

302 1966 385 1998 Huic
412 1977 530 2001 summo
554 1970 616 2010 iam
641 1971 848 2015 hierarchico,

304 2013 353 2044 Ne
377 2013 484 2047 furore
508 2016 643 2049 malifico

348 2060 410 2092 Hic
433 2064 534 2101 possit
557 2066 731 2104 aggravari.

268 2159 275 2166 .
300 2134 418 2166 Horum
444 2137 517 2176 igne
542 2147 595 2170 eor
620 2140 725 2179 caluit,

300 2180 368 2212 Hos
394 2182 535 2215 Christus
559 2189 654 2224 pastu
678 2187 756 2218 aluit

350 2227 576 2270 Sanguinisque
599 2233 730 2272 liquore,

303 2272 386 2304 Dum
408 2277 508 2307 crucis
533 2279 658 2310 scandit
681 2280 829 2321 loculum,

305 2318 342 2349 In
367 2328 435 2352 eum
459 2321 559 2362 figunt
582 2326 704 2360 oculum

351 2366 434 2397 Prae
456 2366 555 2401 flebili
578 2380 728 2404 maerore.

1095 1378 1141 1405 Ad
1160 1379 1340 1414 Mag-nificat.

937 1459 944 1467 .
976 1433 1000 1465 O
1023 1435 1177 1466 victorum
1202 1445 1357 1478 purpura,

975 1480 1162 1513 consolator
1186 1483 1219 1514 in
1244 1486 1379 1525 tortura,

1021 1527 1176 1560 Rubentis
1201 1530 1335 1562 militiae

1068 1574 1178 1607 Robur
1203 1580 1235 1609 et
1259 1578 1397 1609 athleta!

973 1619 1093 1652 Dulcor
1116 1625 1150 1653 te
1172 1625 1387 1665 sequentibus,

977 1666 1094 1707 Stupor
1120 1678 1152 1700 es
1176 1673 1208 1702 te
1232 1672 1424 1713 verentibus,

1025 1715 1061 1746 In
1088 1715 1198 1749 livoris
1224 1717 1307 1750 faeie

1069 1762 1159 1794 Mors
1185 1768 1290 1797 exstat
1315 1766 1428 1806 deleta,

976 1808 1074 1847 Quem
1099 1815 1227 1850 gemunt
1250 1813 1386 1854 suspirio

976 1854 1196 1897 Fragrantque
1221 1860 1379 1892 desiderio

1022 1902 1194 1945 Martyres,
1221 1907 1274 1945 qui
1299 1907 1453 1940 cursitant

1070 1950 1235 1983 Francisci
1260 1953 1300 1984 de
1324 1954 1448 1995 schola;

976 1995 1054 2027 Post
1078 1999 1111 2027 te
1135 2000 1205 2029 asta
1227 2001 1373 2044 posteris,

979 2041 1003 2073 O
1028 2041 1100 2073 Iesu
1124 2043 1186 2082 pie,
1212 2046 1336 2078 miseris

1026 2088 1125 2119 Prece
1150 2098 1281 2128 quorum
1305 2094 1445 2127 militant

1070 2134 1131 2166 Tui
1156 2135 1231 2169 freti
1255 2140 1346 2172 stola.

1039 2219 1100 2249 Ad
1125 2219 1388 2258 Matutinem.

1110 2282 1326 2315 Invitatorium.

977 2327 1105 2369 Regem,
1133 2339 1278 2366 coronam
1302 2336 1448 2379 militum,

1031 2375 1150 2419 Venite,
1178 2379 1345 2415 adoremus
