1655 2534
305 227 448 259 Iustitiae
470 237 547 260 zona

353 275 511 315 praecingi
536 283 592 306 nos
616 282 711 314 prece
736 275 826 308 dona.

425 358 470 385 Ad
488 357 663 394 Magnificat.

234 414 274 446 A.
306 413 464 451 Gaudens,
491 415 590 453 Roda,
616 423 690 445 rosa
715 414 789 446 dat-a

351 460 517 492 Dominum
540 459 715 501 magnifica,

977 226 1048 257 Tua
1071 226 1141 258 oda
1166 225 1235 257 odis
1260 228 1352 266 grata

1027 273 1153 312 Virgine
1176 272 1320 313 mirifica,

977 320 1072 352 Cuius
1094 328 1190 358 prece
1212 320 1321 351 mundi
1343 318 1434 351 faece

1023 366 1090 397 Nos
1114 367 1261 398 mundari
1285 367 1441 408 supplica,

979 413 1024 445 Ut
1047 413 1107 444 hac
1132 413 1213 445 duce
1237 414 1325 453 pacis
1350 414 1422 446 luce

1025 458 1229 492 Perfruamur
1253 461 1381 493 caelica.

309 534 445 569 Propium
459 534 487 561 S.
501 534 639 561 Iohannis
658 534 884 561 Boscoclucensis
898 535 966 568 imp.
981 533 1166 568 Antwerpiae
1184 541 1206 560 S.
1228 542 1254 561 a.
1268 549 1304 553 -
1323 534 1366 561 In
1386 533 1411 561 1.
1425 535 1476 562 No
1485 537 1527 562 ct.

235 568 257 595 Α
280 569 308 604 1,
329 568 347 598 3
367 571 468 599 Gloria
494 571 558 598 tibi.
584 586 619 590 ——
647 568 667 596 R
699 568 729 603 2,
752 569 770 597 2
793 572 953 606 progenita.
983 585 1014 588 —
1042 570 1085 597 Zu
1106 570 1248 598 beaehten
1267 573 1308 598 ist
1329 572 1379 598 der
1391 572 1476 599 Reim
1496 573 1525 599 in

235 607 289 634 den
305 606 365 643 3133
386 608 524 643 stumpfcr
536 608 620 635 Reim
640 608 793 635 verbiudet
811 608 869 635 alle
893 609 957 634 vier
976 607 1076 634 Zeilen
1098 607 1257 643 derselben,
1277 608 1452 643 klingender
1472 618 1529 636 nur

231 644 262 678 je
280 647 360 672 zwei.
388 659 425 663 —
452 646 564 672 Hierzu
584 645 634 672 der
655 645 804 679 Hymnus:
824 646 893 673 Iesu
912 652 1020 672 corona
1038 646 1185 680 virginum
1205 643 1300 677 (Anal.
1320 645 1432 681 xxm,
1454 644 1527 681 249).

678 772 724 804 33.
756 774 799 805 De
820 774 927 805 sancto
948 773 1076 814 Odgero.

367 851 410 882 In
437 852 467 884 1.
497 851 708 891 vesperis,

412 924 505 960 Super
523 925 665 952 Psalmos.

231 980 271 1010 A.
303 980 326 1012 O
351 983 442 1020 pater
466 981 597 1024 Odgere,

348 1027 416 1057 Tua
441 1027 480 1059 de
503 1029 652 1059 memoria

302 1073 415 1104 Laetos
442 1073 482 1104 da
507 1074 614 1105 videre

349 1119 427 1150 Post
454 1120 531 1150 haec
553 1121 736 1152 transitoria

301 1165 402 1196 Deum
426 1169 458 1196 et
481 1167 618 1205 gaudere

350 1212 458 1243 Vultu-0
483 1213 531 1243 sui
554 1214 662 1252 gloria.

393 1285 484 1319 Super
507 1285 683 1321 Magnificat.

263 1365 270 1371 .
300 1341 325 1373 O
350 1342 450 1373 virum
475 1342 642 1382 odgerum,

302 1387 447 1419 Sanctum
474 1392 505 1419 et
528 1390 694 1427 sincerum,

349 1436 477 1466 Servum
502 1436 573 1467 Iesu
599 1436 727 1477 Christi,

302 1480 406 1523 Quem,
434 1490 490 1513 rex
514 1482 704 1520 angelorum,

301 1526 374 1558 Huc
399 1527 438 1558 de
456 1527 678 1559 Britannorum

346 1573 477 1604 Finibus
498 1574 621 1613 misisti,

303 1620 346 1652 Ut
370 1628 426 1650 nos
451 1629 507 1651 sua
531 1628 625 1660 prece

299 1666 441 1697 Tolleres
466 1675 485 1696 a
509 1675 585 1697 nece

348 1712 603 1744 Damnandorum
627 1714 720 1748 tristi.

370 1815 431 1846 Ad
455 1815 712 1849 Matutinum.

433 1888 646 1916 Invitatorium.

303 1945 504 1977 Celebrantes
528 1947 717 1986 gaudeamus

347 1992 463 2031 Odgeri
486 1994 676 2032 memoriam,

300 2039 346 2072 Ut
370 2047 437 2069 cum
462 2047 497 2071 eo
522 2040 682 2071 videamus

344 2085 509 2117 Trinitatis
533 2087 673 2126 gloriam.

355 2188 401 2219 In
428 2189 458 2222 1.
483 2188 712 2222 Nocturno.

436 2262 628 2299 Antiphon-tte.

243 2318 256 2349 1
295 2318 357 2350 Hic
380 2321 416 2350 ut
438 2320 556 2359 lignum
582 2322 825 2361 complantatum

342 2365 438 2398 Secus
461 2376 562 2406 aquae
586 2377 710 2400 cursum

972 853 1071 885 Dedit
1094 852 1161 884 Deo
1187 852 1323 885 fructum
1348 858 1472 894 gratum

1021 899 1152 939 Semper
1177 908 1321 932 crescens
1347 911 1482 934 sursum.

940 992 946 999 .
972 965 1180 1004 Disciplinam
1205 967 1427 1007 apprehendit,

1020 1011 1088 1043 Deo
1114 1019 1183 1042 cum
1207 1014 1321 1045 timore

974 1057 1120 1089 Serviens
1145 1067 1179 1089 se
1203 1062 1303 1091 totum
1326 1060 1438 1099 pendit

1021 1104 1099 1136 Eius
1123 1105 1155 1135 in
1181 1114 1298 1138 amore.

940 1194 947 1201 .
971 1170 1073 1202 Huius
1099 1173 1194 1208 caput
1218 1173 1375 1210 exaltasti,

1022 1217 1107 1248 Voce
1132 1217 1206 1248 dum
1230 1219 1388 1258 clamavit,

973 1262 1084 1294 Monte
1108 1266 1279 1305 sanctoque
1302 1266 1425 1305 locasti,

1018 1309 1163 1349 Domine,
1189 1320 1281 1351 quem
1305 1313 1437 1351 optavit.

1114 1421 1319 1456 Responsoria.

945 1520 952 1527 .
978 1496 1053 1527 Fuit
1077 1498 1126 1528 vir
1149 1497 1180 1528 in
1206 1498 1429 1531 Britannorum

1023 1543 1169 1574 Partibus
1195 1545 1313 1585 beatus,

975 1588 1083 1620 Nobili
1109 1590 1148 1621 de
1172 1595 1389 1631 magnatorum

1022 1635 1128 1675 Stirpe
1151 1642 1344 1680 procreatus,

974 1681 1099 1713 Morum
1126 1684 1239 1716 melior
1262 1689 1453 1728 sanctorum,

1021 1729 1163 1768 odgerus
1184 1735 1331 1773 vocatus;

936 1799 943 1806 .
972 1775 1048 1807 Non
1073 1776 1261 1816 loquebatur
1287 1788 1321 1811 os
1339 1780 1407 1812 cius
1424 1791 1522 1820 opera

970 1822 1153 1863 homimum,
1184 1829 1317 1866 propter
1340 1828 1436 1859 verba
1458 1829 1523 1860 Dei

973 1870 1138 1902 custodivit
1156 1871 1227 1905 vias
1253 1873 1363 1907 clm-as.

939 1959 944 1965 .
972 1935 1018 1967 Ut
1040 1936 1228 1969 industriam
1253 1939 1370 1979 Odgeri

1020 1982 1169 2013 Parentes
1194 1985 1352 2026 viderunt,

974 2028 1097 2060 Sanctis
1122 2028 1209 2070 viris,
1233 2040 1293 2071 quo
1320 2034 1430 2066 doceri

1021 2074 1137 2115 Posset,
1163 2078 1375 2121 tradiderunt,

970 2121 1105 2160 Quorum
1130 2126 1235 2155 votum
1259 2125 1321 2157 Dei
1345 2128 1413 2159 veri

1017 2167 1106 2200 Dono
1131 2170 1353 2216 perfecerunt3

931 2239 938 2246 .
971 2214 1052 2246 Puer
1076 2216 1188 2254 pandit
1211 2219 1384 2262 voluntate,

970 2262 1038 2293 Iam
1061 2263 1196 2295 maiores
1222 2267 1306 2305 quod
1331 2272 1444 2304 aetate.

912 2347 918 2357 .
937 2354 944 2361 ,
970 2326 1051 2359 Erat
1075 2328 1103 2359 ei
1128 2329 1169 2360 ad
1193 2332 1372 2371 primaevos

1014 2375 1132 2415 Magna
1158 2381 1337 2413 reverentia
