1655 2534
760 148 1013 184 —271—

315 251 447 283 Patrem
470 249 603 288 replens

361 296 455 329 bonis
480 297 515 328 in
539 295 655 335 gloria.

284 395 291 403 .
316 370 421 403 Huius
446 370 525 403 odor

363 421 400 449 ut
424 417 540 449 cedrus
564 415 681 448 Libani

315 464 415 496 Vitae
438 464 542 502 bonis,

362 511 476 543 mortis
501 508 542 540 ad
567 511 707 546 exteros,

314 558 374 596 Qui
397 566 484 589 nunc
507 555 652 595 gaudent

364 603 406 636 ad
431 611 545 635 sonum
566 601 690 641 organi,

319 651 384 683 Sed
407 651 441 681 in
465 650 583 689 puncto

360 699 460 728 ruunt
483 694 525 726 ad
548 693 683 726 inferos.

451 796 655 829 Responsoria.

279 889 285 895 .
312 863 440 895 Summo
465 862 603 894 tendens
627 862 661 893 in
687 867 797 891 amore

359 910 425 941 Per
448 909 517 940 voti
542 907 737 949 expendium

318 956 446 988 Gradus
469 955 578 994 coepit
602 964 622 986 a
645 954 773 991 timore,

365 1002 418 1034 Sic
441 1010 501 1042 per
526 1000 747 1041 septenarium

317 1048 484 1081 Scandcns
509 1051 622 1087 gustus
646 1047 681 1078 in
706 1052 822 1084 sapore

361 1095 488 1126 Firmat
510 1093 705 1132 aedificium,

279 1164 287 1173 .
316 1141 439 1173 Factus
464 1142 578 1172 summi
599 1142 680 1171 nutu
704 1137 791 1177 regis

316 1188 391 1219 Dux
414 1186 595 1219 Karoliloci
621 1185 730 1225 gregis

360 1233 480 1265 Pastor
506 1235 539 1263 et
561 1232 771 1273 praesidium.

286 1330 294 1338 .
319 1307 419 1339 Pater
432 1310 576 1348 sanctus,
592 1307 668 1339 dum
680 1306 862 1338 consultum

358 1354 463 1385 Tenet
487 1353 685 1394 solitudinis,

319 1400 462 1433 Pascens
487 1400 550 1432 sibi
575 1399 799 1439 consepultum

361 1447 482 1479 Summi
505 1455 636 1487 gregem
659 1445 811 1485 numinis,

317 1493 364 1525 Ut
373 1494 429 1525 det
435 1494 560 1533 palmes
567 1492 862 1532 fructummultum,

314 1540 439 1580 Purgat
447 1542 599 1580 mentem,
611 1548 731 1579 corpus
741 1538 862 1570 cultum

365 1586 445 1626 lugo
471 1585 584 1617 reddit
608 1585 753 1624 ordinis;

278 1655 285 1662 .
314 1631 364 1663 Ne
391 1632 541 1664 clamoris
567 1632 624 1664 det
646 1631 818 1663 tumultum

362 1679 466 1710 Terra
490 1676 613 1710 deflens
638 1678 789 1709 hominis.

284 1775 292 1783 .
320 1751 429 1784 Servit
452 1751 552 1783 Iacob
576 1761 635 1792 pro
659 1751 805 1783 Rachele

362 1799 428 1830 Per
451 1799 539 1830 vitae
564 1799 779 1839 ¹septennium,

319 1844 396 1877 Urit
420 1847 542 1885 aestus,
568 1846 628 1878 sed
653 1845 807 1885 querelae

364 1892 458 1931 Sopit
482 1900 573 1924 amor
597 1892 751 1931 taedium,

316 1938 370 1970 Ad
395 1938 563 1977 amplexus
589 1939 692 1970 traxit
716 1937 807 1978 Liae,

317 1984 457 2017 Gemens
484 1984 573 2017 cedit
595 1984 704 2017 fraudi
727 1984 802 2024 piae

364 2032 492 2064 Morem
517 2032 632 2064 videns
656 2032 810 2071 patrium.

285 2101 291 2109 .
321 2078 463 2111 Delicati
489 2087 635 2111 somnum
659 2078 748 2109 thori

318 2125 441 2157 Turbat
466 2125 566 2166 lippa,
593 2135 664 2157 cum
687 2124 794 2156 labori

364 2172 516 2204 Sanctum
543 2171 638 2204 datur
664 2172 776 2203 otium.

286 2270 294 2277 .
319 2245 438 2278 Adhuc
461 2247 569 2279 latens
593 2248 628 2279 in
652 2246 783 2279 deserto

363 2292 513 2325 Lucerna
535 2293 595 2326 sub
623 2292 731 2325 modio

317 2338 407 2371 Dare
430 2340 535 2372 lucem
559 2342 594 2373 in
619 2343 734 2381 aperto

364 2386 519 2419 Procedit
542 2387 577 2421 in
601 2387 720 2428 medio,

985 241 1093 273 Minat
1116 248 1193 272 oves
1219 245 1337 278 gressu
1364 238 1466 277 certo,

986 288 1112 327 Vagam
1139 286 1233 327 ponit
1255 285 1291 316 in
1314 283 1442 315 lacerto

1034 334 1222 374 Reportans
1246 331 1287 363 ab
1312 330 1423 370 invio;

949 407 956 414 .
986 380 1115 414 clamat
1137 380 1215 420 vigil
1241 378 1367 417 oculus,

988 427 1081 467 Quod
1107 428 1152 460 sit
1175 425 1308 467 praesul
1334 424 1468 456 sedulus

1034 474 1072 506 In
1098 474 1177 506 ovili
1201 471 1347 513 proprio.

1044 567 1092 599 In
1118 568 1149 600 3.
1174 566 1409 598 Nocturno.

1129 658 1176 686 Ad
1196 658 1325 685 Cantica.

949 749 956 757 .
985 725 1024 757 In
1050 726 1187 758 canticis
1212 724 1378 757 labiorum

987 771 1110 805 Laudis
1137 773 1200 804 sibi
1223 772 1317 803 laxet
1339 770 1445 802 lorum

1032 818 1104 851 Vox
1129 828 1194 851 una
1218 817 1423 857 laetantium,

986 865 1112 898 Rachel
1136 866 1271 906 plorans
1299 864 1498 903 consolatur,

986 912 1059 944 Vox
1084 912 1118 944 in
1141 912 1246 944 Rama
1267 912 1333 943 iam
1356 913 1502 942 mutatur

1032 958 1196 991 Maeroris
1220 960 1254 990 in
1279 956 1442 998 gaudium.

1123 1041 1329 1075 Responsoria.

953 1131 959 1138 .
985 1106 1050 1138 Hic
1073 1110 1217 1147 primatu
1241 1106 1388 1147 fungitur

1033 1153 1072 1185 :Lu
1096 1154 1176 1186 sede
1200 1154 1361 1192 Biturica,

1033 1199 1105 1232 Nec
1129 1202 1290 1234 virtutum
1312 1199 1439 1231 fabrica

990 1246 1090 1278 Flatu
1114 1248 1223 1280 laudis
1250 1247 1408 1287 quatitur,

991 1292 1097 1334 Supra
1117 1298 1247 1336 petram
1270 1293 1385 1334 figitur

1037 1340 1076 1372 In
1101 1343 1222 1374 virtute
1246 1340 1398 1380 modica3

952 1411 959 1418 .
988 1386 1130 1420 Frustra
1154 1392 1225 1420 rete
1250 1388 1380 1428 iacitur,

990 1433 1076 1465 Dum
1100 1436 1253 1476 pennatis
1278 1434 1427 1467 tenditur

1035 1481 1074 1513 In
1099 1486 1236 1523 aspectu
1259 1481 1390 1522 pedica.

958 1562 963 1568 .
988 1536 1109 1570 Forma
1132 1539 1242 1578 gregis
1266 1537 1388 1577 populo

990 1582 1102 1615 Gestis
1127 1587 1290 1616 monstrat
1311 1585 1404 1616 oculo

1034 1630 1142 1670 Leges
1168 1631 1357 1671 aequitatis,

990 1676 1060 1708 Mel
1085 1677 1244 1717 perfectis
1269 1677 1403 1719 pabulo,

989 1723 1058 1755 Lac
1083 1725 1124 1756 ad
1148 1728 1259 1765 potum
1284 1725 1423 1765 parvulo

1038 1769 1103 1803 Sub
1128 1772 1242 1812 lingua
1264 1773 1428 1813 primatis,

990 1817 1136 1850 Verbum
1161 1828 1228 1851 non
1252 1819 1432 1860 adulterat,

993 1864 1079 1896 Dum
1103 1866 1202 1898 dictis
1228 1868 1426 1906 aequiperat

1035 1912 1140 1944 Facta
1162 1913 1349 1954 probitatis.

953 1983 960 1990 .
988 1958 1103 1998 Iugum
1127 1960 1218 1992 touit
1240 1961 1374 2000 umeris,

990 2004 1083 2043 Quod
1106 2008 1248 2047 imponit
1272 2008 1393 2040 ceteris

1038 2051 1163 2085 Doctor
1186 2054 1350 2087 veritatis.

958 2130 965 2138 .
993 2106 1059 2139 Sub
1085 2108 1236 2141 undenae
1260 2110 1389 2150 pondus
1415 2112 1518 2144 horae

1039 2153 1168 2188 Sudans
1195 2156 1236 2188 ab
1261 2156 1402 2190 infantia

993 2200 1073 2232 Sero
1098 2201 1186 2235 facto
1212 2203 1253 2235 de
1276 2204 1394 2237 labore

1037 2247 1184 2281 Vocatur
1208 2250 1252 2285 ad.
1276 2253 1443 2294 praemia3

992 2294 1138 2328 Denario
1166 2297 1290 2337 gaudet
1313 2301 1389 2338 pari

993 2341 1096 2374 Stella
1119 2342 1247 2384 fulgens
1273 2345 1443 2390 singulari,

1039 2388 1235 2433 Sumpturus
1261 2392 1417 2434 duplicia.
