1655 2534
86 1615 123 1648 V.

625 97 858 132 *65-

130 216 137 223 .
163 190 307 223 Iubeutis
332 192 374 224 ad
398 192 566 233 imperium

163 239 277 271 Petrus
301 240 478 272 recondens
503 240 642 280 gladium

164 285 277 325 Coepit
301 295 320 318 a
347 286 471 318 Christo
498 286 622 320 discere

165 332 276 365 Occidi
300 341 362 364 non
386 334 541 366 occidere.

129 411 135 417 .
162 389 215 420 Ad
242 390 420 428 exemplum
444 390 518 423 Iesu
543 390 662 423 Christi

165 435 323 476 Superata
345 439 448 469 morte
473 438 560 469 tristi

165 481 283 514 Christi
308 487 410 515 morte
437 484 640 527 delectemur,

163 529 206 561 Ut
232 538 300 561 cum
326 530 451 562 Christo
476 531 692 563 iucundemur.

302 604 508 640 Responsoria.

131 686 139 694 .
165 661 313 693 Clamant
337 662 438 694 Deum

212 711 391 741 sanctorum
416 709 505 741 milia

161 754 206 786 Et
229 764 288 794 pro
312 756 381 787 Deo

211 800 318 834 ferunt
341 802 504 842 martyria,

163 848 210 880 Ut
233 849 276 880 sit
299 848 385 880 Deus

210 895 353 927 omnibus
378 897 493 927 omnia.

163 940 286 973 Currus
324 942 390 974 Dei
435 943 538 975 decem
583 943 713 975 milibus

159 987 343 1032 multiplex,
382 988 479 1021 milia
521 989 713 1022 laetantium

160 1035 324 1067 Dominus
345 1035 384 1066 in
408 1036 463 1069 cis.

128 1115 135 1122 .
163 1091 257 1123 Caelo
282 1101 375 1123 ruens
400 1092 499 1132 serpit
525 1093 645 1133 anguis,

162 1138 245 1169 Dum
263 1142 441 1170 sanctorum
455 1142 563 1171 manat
573 1140 709 1181 sanguis,

162 1184 264 1216 Causa
289 1186 375 1216 cuius
402 1194 491 1218 casus
515 1186 620 1226 magni

157 1231 234 1263 Fuit
258 1233 328 1264 veri
351 1234 478 1272 sanguis
500 1234 592 1274 agni3

159 1278 311 1311 Vioemnt
334 1288 406 1311 eum
418 1282 552 1319 propter
575 1281 708 1320 sanqui-

156 1334 232 1357 owm
268 1326 347 1366 aym
371 1329 398 1358 eb
417 1329 556 1366 propter
578 1328 709 1359 verbum

157 1372 334 1405 testimonii
356 1373 418 1404 sui.

126 1453 133 1461 .
160 1428 184 1460 Ο
210 1437 304 1467 quam
331 1429 423 1460 beata
445 1430 538 1468 legio,

158 1474 255 1513 Quam
281 1474 407 1508 fervens
431 1475 462 1507 in
487 1475 649 1516 Mam-itio,

157 1521 239 1553 Dum
264 1531 322 1563 per
354 1523 465 1554 mortis
491 1523 708 1562 compendium

155 1567 264 1601 Vitam
291 1570 375 1609 capit
399 1571 595 1610 perennium.

153 1616 303 1657 Regmwm
327 1616 393 1649 Dei
414 1617 481 1649 vim
499 1617 648 1657 patitur,
681 1620 710 1650 et

154 1663 287 1696 violenti
313 1664 449 1705 rapiwnt
469 1663 565 1697 illud.

103 1722 133 1754 4.
160 1720 313 1761 Princeps
338 1721 428 1758 alme,
458 1722 521 1753 dux
544 1722 663 1755 invicte

89 1909 126 1941 V.

157 1767 308 1808 Legionis
326 1768 525 1808 benedictae,

161 1814 226 1847 Nos
253 1814 388 1853 custodi,
413 1823 470 1846 nos
495 1818 585 1848 tuere

157 1861 202 1892 Et
227 1870 284 1893 nos
309 1866 411 1893 tecum
438 1860 490 1893 fac
514 1863 669 1902 gaudere3

157 1908 231 1941 Dux
255 1908 393 1947 virtutis,
421 1909 484 1940 dux
510 1910 631 1949 salutis,

161 1956 211 1988 Da
234 1956 393 1999 virtutem,
420 1956 463 1988 da
486 1958 631 1990 salutem.

213 2077 259 2109 In
285 2079 315 2112 3.
345 2078 582 2113 Nocturno.

300 2153 346 2180 Ad
366 2155 495 2184 Cantica.

89 2212 129 2245 A.
165 2211 279 2244 Botrus
306 2213 405 2254 Cypri
431 2214 643 2252 conculcatur,

161 2258 251 2292 Novo
274 2265 378 2293 musto
405 2262 579 2300 debriatur,

161 2306 219 2345 Qui
243 2308 385 2349 signatur
409 2308 526 2342 Christi
552 2316 654 2348 cruce,

162 2355 337 2390 Coronatur
362 2356 489 2389 Christo
514 2357 604 2390 duce.

142 2417 271 2443 Dreves,
286 2415 411 2441 Historiae
425 2415 581 2443 rhythmicae.
611 2413 663 2437 vn.

980 192 1186 228 Responsoria.

783 250 814 284 1.
838 249 958 282 Fervet
981 248 1060 282 fides
1083 252 1120 280 ut
1142 249 1273 287 sinapis,

841 295 944 329 Favos
968 295 1071 328 mellis
1096 294 1210 328 stravit
1233 296 1314 337 apis,

842 343 887 376 Ut
912 344 1073 376 dulcescat
1098 342 1179 375 velle
1203 343 1294 383 mori,

844 389 943 423 Cedat
968 390 1040 423 divo
1061 398 1145 421 mors
1171 388 1281 423 amori,

772 438 810 471 V.
840 437 892 469 De
923 436 1133 469 commeclcnte
1166 434 1260 469 eaeivit
1292 435 1389 479 cibus,

787 542 817 574 2.

843 487 871 516 et
894 484 932 517 de
952 484 1031 524 forti
1047 491 1172 523 cyressa
1189 485 1233 514 est
1249 482 1390 517 dulcedo.

844 541 941 573 Prata
963 541 1081 582 passim
1105 548 1165 580 per
1188 542 1299 579 aperta

842 588 977 621 Florent
1000 586 1103 629 fiores,
1130 587 1233 619 virent
1256 588 1351 626 serta,

842 635 947 667 Rosae
967 634 1083 667 rubent
1106 636 1213 666 austro
1238 631 1344 676 flante,

844 682 968 715 Cedunt
993 682 1078 712 caelo
1102 688 1220 712 messes
1245 683 1362 714 tantae.

839 727 959 760 Levate
971 728 1077 760 oculos
1092 728 1226 759 etvidete
1234 727 1389 771 rcgflones,

842 775 921 815 quia
970 774 1063 807 albae
1108 776 1184 807 svmt
1230 774 1300 806 iam
1349 773 1394 806 ad

840 830 983 854 messem.

839 877 889 909 De
912 885 1062 916 pressura
1085 877 1189 917 gravis
1214 877 1296 917 preli

841 923 1026 962 Apothecae
1049 921 1150 955 fluunt
1174 924 1265 962 caeli,

840 969 886 1003 Ut
909 978 980 1001 cum
1004 969 1141 1010 Christo,
1167 977 1243 1002 vera
1266 970 1341 1010 vite,

837 1017 915 1049 Dati
940 1016 1033 1048 morti
1061 1016 1175 1048 dentur
1199 1016 1294 1048 vitae.

836 1063 1022 1095 Inebriatus
1057 1062 1095 1094 in
1127 1063 1213 1095 caelo
1249 1062 1388 1104 stadius,

840 1113 869 1142 et
898 1110 1140 1142 vindemiantur
1172 1111 1255 1142 botri
1278 1110 1393 1141 vineae

840 1160 953 1190 terrae.

838 1216 863 1247 O
888 1214 1031 1253 Maur-iti,
1060 1213 1124 1246 dux
1149 1211 1251 1253 beate,

841 1261 934 1293 Cuius
959 1261 1059 1292 virtus
1085 1259 1207 1300 fragrat
1232 1260 1308 1299 late,

840 1307 935 1341 Cuius
960 1308 1040 1339 odor
1062 1309 1098 1339 ut
1119 1311 1321 1347 unguentum,

839 1354 933 1387 Cuius
958 1362 1054 1394 sapor
1077 1357 1113 1385 ut
1136 1354 1341 1397 pigmentum,

838 1401 957 1433 Pietati
980 1409 1037 1432 nos
1064 1400 1189 1432 divinae

837 1448 886 1479 Tu
911 1448 1109 1479 commendes
1134 1447 1203 1478 sine
1227 1446 1298 1485 fine,

835 1495 962 1534 Martyr
986 1493 1078 1534 alme,
1106 1494 1218 1525 ductor
1242 1494 1334 1531 bone,

836 1542 914 1574 Cum
939 1540 1107 1581 praeclara
1131 1541 1265 1580 legione.

926 1683 971 1715 In
995 1681 1228 1716 Laudibus.

982 1756 1177 1792 Antiphonae.

805 1842 812 1849 .
836 1815 975 1848 Militum
1002 1815 1060 1847 sub
1086 1815 1193 1854 gladio

884 1863 1045 1902 Martyres
1071 1862 1241 1902 exsultant,

837 1910 953 1942 Mortis
978 1910 1010 1941 in
1035 1909 1176 1942 ludibrio

886 1956 1038 1988 Cladibus
1061 1957 1229 1989 insultant.

782 2016 813 2048 2.
841 2013 934 2045 Cedit
961 2013 1064 2045 carnis
1089 2014 1183 2052 palea

889 2059 1005 2093 Gladio
1030 2058 1158 2100 furenti,

840 2107 923 2139 Dum
949 2106 1120 2139 mundatur
1142 2114 1218 2138 area

886 2154 1019 2193 Mystici
1043 2152 1202 2184 frumenti.

783 2213 814 2245 3.
840 2209 993 2242 Triticum
1022 2210 1093 2241 dum
1119 2210 1261 2250 moritur,

888 2257 1024 2290 Multum
1049 2256 1141 2289 affert
1165 2256 1312 2299 fructum,

840 2304 940 2344 Legio
967 2304 1041 2336 dum
1064 2305 1215 2344 caeditur,

889 2352 968 2386 Risu
991 2354 1093 2385 mutat
1115 2353 1245 2386 luctum.

1208 2408 1225 2438 5
