1655 2534
297 236 413 269 Blandi
439 237 561 268 calcans
586 235 713 267 vincula

344 284 502 323 Spernens
527 282 740 314 furibundum.

262 364 269 373 .
295 340 404 379 Iugum
430 347 499 371 cum
523 338 685 370 incredulo

341 386 476 425 Respuit
499 385 605 417 subire

294 433 473 471 Meruitque
496 432 598 463 iaculo

340 479 433 510 Felix
456 479 597 511 interire.

437 551 641 587 Responsoria.

262 632 270 640 .
295 609 415 641 Bonum
440 608 503 648 egit

343 656 501 686 certamen
525 654 653 694 Ursula,

293 701 378 740 Quae
402 701 588 740 contempsit

337 747 446 778 mundi
470 746 638 787 fastigium,

292 793 388 826 Nulla
408 802 537 832 prorsus

339 840 437 871 sensit
460 841 594 880 piacula,

293 887 354 918 Pro
379 886 492 918 virtute

339 934 472 971 sumpsit
493 933 688 973 martyrium,

255 1004 261 1011 .
292 980 413 1012 Vocans
439 980 480 1011 ad
505 980 583 1011 caeli
607 980 779 1018 praemium

294 1025 459 1065 copiosum
485 1026 681 1059 consortium.

260 1106 266 1113 .
293 1080 427 1112 Sanctus
451 1082 525 1121 vita,

338 1126 423 1158 fama
448 1128 646 1167 clarissimus,

293 1174 452 1216 Cyriacus,

338 1222 448 1259 pastor
473 1220 633 1261 ecclesiae,

292 1267 379 1298 Nutu
403 1266 463 1298 Dei

339 1321 473 1353 gregem,
499 1321 589 1352 quem
615 1314 755 1353 colimus,

293 1359 366 1390 Dux
390 1358 432 1390 ad
455 1359 565 1391 urbem

339 1405 428 1436 duxit
449 1406 610 1446 Coloniae3

254 1476 261 1483 .
290 1451 386 1483 Sacer
410 1460 531 1492 quoque

341 1506 455 1530 cuneus
479 1499 659 1538 praesulum

294 1544 354 1576 Est
377 1544 541 1576 adiunctus

339 1591 381 1622 ad
403 1591 507 1622 laudis
533 1592 697 1623 cumulum.

262 1670 269 1678 .
296 1646 335 1678 In
357 1646 499 1684 supernis
524 1645 624 1685 fulget
647 1648 749 1679 choris

838 139 907 174 242
953 155 1000 162 —-

963 234 1070 274 Auget
1094 232 1250 273 virginum
1276 230 1414 272 claritas,

1011 280 1188 321 Splendens
1214 278 1337 319 fulgore
1361 278 1491 318 gloriae.

908 366 941 397 2.
967 364 1103 397 Ornatus
1128 364 1282 406 egregius,

1013 411 1140 443 Candor
1164 410 1338 452 virginalis,

964 457 1060 496 Quem
1087 459 1216 490 decorat
1240 457 1361 498 gratius

1012 504 1112 537 Cruor
1135 504 1347 544 triumphalis.

905 590 935 621 3.
962 587 1054 620 Nova
1077 589 1156 620 haec
1178 588 1301 629 militia,

1009 636 1078 675 Qua
1098 633 1242 667 infirmus
1267 644 1359 667 sexus

963 681 1055 714 Forti
1079 681 1234 721 patientia

1012 729 1100 761 Vicit
1122 729 1233 761 mundi
1258 737 1367 760 nexus,

905 814 938 845 4.
964 812 1074 845 Oleum
1098 813 1273 853 virginibus

1011 860 1116 893 Sacris
1142 860 1325 902 abundavit,

964 905 1093 947 Nuptiis
1117 907 1277 946 regalibus

1011 955 1102 994 Ipsas
1128 953 1269 986 sociavit.

905 1039 936 1070 5.
959 1037 1105 1078 Regnant
1127 1037 1222 1070 beata
1245 1038 1373 1077 agmina

1008 1084 1172 1124 Virginum
1195 1085 1227 1116 in
1254 1084 1360 1123 caelis,

963 1130 1049 1169 Quae
1072 1131 1217 1163 vicerunt
1242 1131 1415 1164 certamina

1010 1178 1135 1211 Saeculi
1161 1178 1308 1212 crudelis,

1081 1288 1127 1315 Ad
1145 1289 1327 1317 Benedictus.

892 1373 932 1406 A.
963 1372 1069 1405 Sacris
1092 1375 1177 1405 totus

1009 1420 1095 1451 orbis
1120 1420 1295 1460 virginibus

961 1465 1078 1498 Laetus
1103 1467 1222 1506 psallat

1007 1513 1154 1544 undecim
1177 1514 1314 1553 milibus,

962 1559 1045 1597 Quas
1069 1560 1187 1592 Ursula

1008 1606 1097 1637 miris
1122 1606 1293 1639 virtutibus

962 1651 1088 1684 Christo
1113 1651 1190 1685 fecit

341 1692 507 1724 Sacrarmn
541 1695 644 1724 coetus
669 1694 834 1736 virginum,
1009 1699 1152 1732 subditas
1181 1700 1338 1734 laudibus,

293 1738 361 1769 Deo
384 1739 522 1777 psallens
548 1740 666 1771 cunctis
691 1741 786 1779 horis,

340 1784 476 1822 Quarum
507 1785 639 1818 dulcedo
664 1787 835 1820 carminum

295 1830 417 1862 Sanctis
443 1832 591 1871 competit
616 1833 747 1872 decoris,

342 1878 463 1917 Ignaris
487 1878 568 1910 labis
595 1880 775 1920 criminum3

254 1949 260 1955 .
290 1924 371 1956 Tota
394 1926 510 1964 gaudet
532 1926 610 1957 haec
634 1927 735 1959 contio

338 1972 377 2003 In
401 1971 502 2004 almae
526 1972 636 2004 matris
664 1973 821 2018 laudibus,

296 2017 389 2049 Cuius
413 2021 461 2050 est
483 2022 581 2058 nupta
602 2018 668 2051 filio

342 2064 386 2096 Et
412 2065 559 2097 decorata
584 2066 719 2099 dotibus,

377 2196 419 2227 In
443 2195 674 2231 Laudibus,

434 2269 625 2305 Antiphonae.

256 2350 263 2358 .
289 2324 377 2356 Haec
402 2330 449 2358 est
466 2328 552 2359 laeta
574 2326 741 2368 festivitas,

338 2371 405 2410 Qua
431 2374 575 2406 decorem
600 2376 750 2408 ecclesiae

1022 1859 1068 1890 111
1095 1860 1127 1891 2.
1153 1859 1377 1900 VesperiS.

1080 1970 1125 1996 Ad
1144 1970 1322 2007 Mag-nificat.

892 2052 932 2083 A.
961 2053 1014 2085 Ad
1038 2054 1189 2087 honorem
1214 2057 1369 2097 virginum

1010 2099 1125 2132 Cantet
1148 2102 1240 2141 plebs
1265 2103 1380 2148 fidelis,

960 2147 1087 2179 Instans
1112 2150 1198 2187 apud
1221 2150 1402 2193 Dominum,

1009 2194 1055 2226 Ut
1079 2195 1190 2227 horum
1214 2198 1323 2229 tutelis

965 2240 994 2271 A
1021 2242 1141 2273 cunctis
1163 2252 1221 2276 nos
1248 2245 1413 2279 criminum

1011 2289 1146 2321 Mundet
1169 2293 1358 2332 corruptelis

962 2333 1005 2366 Et
1029 2339 1103 2375 post
1127 2337 1211 2370 vitae
1234 2340 1403 2375 terminum

1012 2382 1149 2416 Coronet
1171 2384 1205 2417 in
1231 2387 1337 2423 caelis.
