1655 2534
140 2252 171 2286 1.

647 81 904 118 —185—

198 176 340 208 Primum
366 175 395 206 V
399 177 468 209 exio
493 178 681 217 perveniens

246 223 288 256 Se
313 224 402 256 dedit
426 234 545 265 pausae
567 224 680 263 fessus,

158 294 166 302 .
197 270 443 303 Conversionem
468 273 592 312 patriae

197 317 241 349 Et
267 317 436 351 formulam
463 319 616 351 ecclesiae

247 365 419 405 Conspexit
445 374 553 399 sonmo
578 374 716 405 pressus

165 455 172 463 .
198 429 313 463 Fidem
338 433 411 465 Iesu
436 431 593 464 Nazareni

198 478 275 510 Viro
300 478 363 510 Dei
387 486 422 509 se
447 479 496 510 bis
525 479 591 511 seni

246 526 346 558 Primi
370 526 622 558 Verendensium

198 572 394 605 Pollicentur
418 576 618 614 susceptores

199 621 306 659 Atque
331 628 437 652 secum
464 620 636 652 creditores

246 667 400 707 Reliquos
426 667 608 707 gentilium,

201 713 268 745 Hos
293 714 465 745 instructos
488 713 663 753 baptizavit

196 760 240 792 Et
265 763 392 792 renatos
417 759 600 800 aggregavit

248 807 360 839 Coetui
384 805 537 839 fidelium.

167 896 173 903 .
200 872 282 913 Suis,
309 881 386 912 quos
412 872 512 904 Vexio
540 873 682 909 duxerat,

197 920 385 959 NepotibuS,
412 928 504 958 quam
527 918 658 958 fecerat,

244 966 420 998 Ecclesiam
449 965 647 997 commendat

195 1014 241 1045 Et
268 1015 307 1045 ad
334 1013 468 1046 Olavum
491 1017 645 1052 properat

198 1061 328 1101 Regem,
355 1062 389 1092 ut
415 1069 507 1099 quam
534 1060 684 1101 cupierat,

246 1108 300 1140 Illi
324 1107 420 1140 fidem
447 1107 595 1139 ostendat

195 1155 239 1186 Et
264 1158 337 1194 post
362 1162 454 1186 sacra
481 1154 668 1186 documenta

198 1201 295 1233 Sacer
321 1201 438 1234 Christi
464 1202 662 1233 sacramenta

244 1249 325 1289 Regi
350 1249 477 1289 praesul
502 1247 676 1287 impendat,

261 1390 305 1422 In
334 1392 363 1424 3.
391 1389 620 1420 Nocturno.

339 1472 532 1508 Antiphonae.

166 1567 173 1574 .
199 1541 287 1582 Rege
310 1541 440 1581 praesul
464 1541 497 1572 in
523 1539 666 1580 partibus

245 1588 442 1629 Westgotiae
467 1588 595 1619 invento

198 1635 293 1667 Hunc
317 1637 467 1675 aggregat
492 1633 637 1666 fidelibus

248 1682 405 1723 Baptismi
430 1685 639 1713 sacramento

166 1773 172 1780 .
200 1750 313 1782 Plures
340 1748 517 1787 exemplum
543 1747 662 1787 regium

246 1795 425 1829 Salubriter
453 1796 567 1827 sectati

197 1844 312 1884 Spreto
337 1844 401 1875 ritu
426 1842 589 1883 gentilium

247 1893 286 1924 In
311 1890 438 1923 Christo
464 1893 536 1922 sunt
563 1890 673 1922 renati.

197 1959 257 1991 Vir
281 1961 419 1997 sanctum,
444 1966 521 1996 quos
547 1956 704 1988 recentius

243 2005 368 2038 Divinis
391 2006 599 2037 sacramentis

197 2054 367 2096 Imbuerat,
395 2051 525 2083 uberius

246 2100 385 2142 Rigabat
410 2098 617 2131 documentis

330 2185 538 2219 Responsoria.

197 2253 285 2285 Almi
309 2251 410 2292 patris
437 2254 467 2283 et
492 2250 624 2293 insignis

193 2300 410 2333 Trucidantur
435 2308 455 2331 a
478 2298 625 2340 malignis

244 2347 386 2388 Nepotes
411 2346 543 2389 interea,

878 180 961 218 Quos
986 178 1126 212 illustrat
1148 179 1292 212 Christus
1319 179 1416 219 signis

878 226 923 258 Et
948 225 1070 258 coronis
1096 229 1186 257 ornat
1213 225 1314 265 dignis

924 274 962 306 In
988 273 1061 305 aula
1085 273 1227 313 siderea3

839 345 846 353 .
878 319 932 352 Sic
954 320 1119 352 tormentis
1144 329 1202 360 pro
1226 319 1364 359 indignis

879 366 1005 399 Dantur
1029 366 1119 397 iustis
1143 370 1175 398 et
1197 366 1340 405 benignis

926 413 1075 446 Praemia
1100 414 1258 445 aetherea.

846 497 852 503 .
879 470 1082 508 Interemptis
1108 470 1279 501 crudeliter

927 516 1105 549 Cultoribus
1130 517 1268 548 iustitiae

880 562 1015 595 Gemens
1040 564 1141 595 Vexio
1166 564 1318 595 velociter

926 611 1024 642 Redit
1047 610 1191 642 minister
1214 611 1343 651 gratiae,

880 657 946 696 Quo
971 657 1142 689 vacillabat
1167 657 1307 697 graviter

928 704 1038 736 Novae
1062 707 1163 736 status
1190 704 1352 744 ecclesiae,

840 774 847 781 .
880 750 962 782 Nam
987 751 1123 783 recrevit
1155 751 1299 783 celeriter

926 797 1024 829 Vetus
1051 806 1140 829 error
1164 796 1326 837 perfidiae.

847 876 854 884 .
880 853 904 885 Ο
930 854 1119 892 stupendum
1145 854 1368 893 spectaculum,

880 899 905 932 Ο
931 899 1129 938 praeclarum
1153 900 1356 931 miraculum!

880 945 1002 978 Grandi
1027 954 1102 977 saxo
1129 946 1289 978 vasculum

878 992 1000 1024 Natans
1026 993 1067 1024 ad
1093 992 1154 1024 Dei
1178 992 1329 1024 famulum

928 1040 1025 1072 Vexit
1046 1043 1195 1079 nepotum
1223 1040 1328 1078 capita

926 1086 990 1118 Diu
1015 1086 1072 1117 sub
1096 1087 1191 1118 undis
1216 1086 1335 1129 abdita,

841 1157 848 1164 .
883 1133 927 1165 Et
950 1134 1013 1165 tria
1037 1133 1204 1165 luminaria

879 1179 1040 1212 Divinitus
1065 1180 1214 1212 micantia

926 1227 1108 1259 Monstrant
1117 1234 1295 1259 sanctorum
1305 1227 1431 1259 merita.

968 1350 1014 1382 In
1040 1349 1271 1382 Laudibus¹

1025 1432 1204 1468 Antiphonac
1216 1453 1219 1459 .

846 1526 852 1533 .
880 1500 949 1532 Rex
975 1500 1091 1533 Olavus
1118 1500 1202 1531 viros
1227 1502 1330 1532 rectos

880 1548 927 1580 Ut
951 1547 1096 1587 percepit
1118 1546 1313 1584 interfectos,

928 1594 1077 1627 Graviter
1101 1593 1254 1635 ingemuit

925 1642 970 1674 Et
993 1641 1134 1681 praesuli
1160 1640 1335 1674 condoluit.

849 1725 854 1731 .
882 1699 929 1732 Ut
954 1698 1117 1730 emendam
1143 1707 1201 1737 per
1224 1699 1408 1730 immensam

880 1746 1047 1786 Mitigaret
1070 1754 1128 1776 rex
1153 1744 1302 1777 offensam

928 1791 1103 1828 Pontificis‚
1130 1792 1323 1824 Vei-endiam

926 1841 1037 1880 Pergit
1060 1840 1167 1871 zelans
1192 1839 1357 1872 iustitiam.

847 1922 854 1929 .
882 1896 1042 1929 Grandem
1069 1897 1199 1936 praesul
1223 1896 1376 1936 pecuniae

927 1945 991 1977 Pro
1018 1944 1151 1975 emenda
1177 1944 1250 1975 dum
1276 1943 1399 1982 respuit

881 1991 1049 2033 Summam,
1076 1991 1177 2022 multa
1202 1990 1354 2022 ecclesiae

927 2040 998 2072 Rex
1022 2038 1156 2078 praedia
1180 2047 1253 2070 mox
1279 2037 1422 2070 contulit.

849 2122 856 2129 .
881 2096 968 2128 Hinc
991 2095 1093 2129 Vexio
1118 2094 1301 2134 superstitio

929 2142 1090 2176 Perfidiae
1114 2141 1250 2182 profana

881 2190 1009 2223 Defecit
1035 2192 1067 2221 et
1091 2189 1201 2229 religio

930 2237 1074 2271 Profecit
1099 2236 1283 2269 christiana.

847 2321 854 2329 .
879 2296 953 2329 Illic
977 2296 1086 2328 vivens
1110 2294 1143 2325 in
1169 2294 1287 2325 virtute

933 2342 1093 2385 Sigfridus
1118 2341 1168 2373 his
1192 2340 1327 2381 patratis
