1655 2534
667 99 924 136 —245—

160 194 192 227 2.
218 194 386 235 Virgineos
411 194 517 236 flores,

268 243 373 274 varios
404 252 484 282 quae
509 242 600 275 fertis
623 244 769 283 honores,

217 290 354 322 Vincere
383 298 464 330 quae
487 291 598 330 nostis,

265 337 323 368 sed
345 336 432 370 vinci
456 346 520 368 non
545 338 699 376 valuistis,

218 383 359 416 Reddite
382 384 543 423 placatum

266 430 368 473 nobis,
384 439 476 471 quem
491 440 616 471 semper
629 432 770 472 amastis,

147 477 187 510 V.
215 477 283 509 Iam
309 486 371 509 vox
393 480 502 510 nostra
528 481 620 510 sonat

265 534 348 557 nova
378 525 502 557 cantica
525 526 621 558 laude
645 535 769 558 sonora.

164 581 195 613 3.
221 580 359 612 Ducitur
383 584 458 613 ante
482 582 593 613 ducem

268 627 327 660 flos
350 628 470 661 Ursula
494 629 697 671 virginitatis,

220 675 299 707 Eius
323 676 499 715 coniugium

272 723 335 754 dux
361 723 491 766 expetit,
518 723 639 762 respuit
662 723 770 762 illum3

149 770 188 803 V.
219 769 340 809 Regna=
358 772 544 810 potestates,

269 816 372 848 claros
395 816 576 855 spondebat
598 815 743 847 honores.

162 874 193 905 4.
219 873 250 904 A
274 872 398 912 virgine
422 881 458 904 se
482 872 640 903 contemni

272 919 335 951 dux
360 918 546 950 infrendens
571 918 737 957 barbaruS,

220 966 287 998 Dat
311 966 482 1005 decretum,
510 975 572 1005 quo
597 965 707 1005 regina

270 1014 430 1053 plectatur
456 1013 599 1052 celerius,

151 1061 189 1094 V.
219 1061 265 1092 Et
288 1061 405 1100 sagitta
428 1069 503 1092 mox
527 1068 680 1100 percussa

272 1108 392 1139 caelum
418 1107 504 1139 subit
528 1106 657 1139 Ursula.

289 1201 336 1233 In
361 1202 392 1234 3.
419 1200 644 1233 Nooturno.

367 1275 412 1302 Ad
432 1274 563 1303 Cantica.

149 1335 190 1367 A.
223 1334 344 1366 Hortus
370 1341 557 1372 sponsarum

274 1381 414 1414 divinum
443 1380 545 1420 spirat
568 1380 698 1412 odorem

222 1429 267 1461 Et
291 1437 346 1460 cor
370 1427 545 1467 virgineum

272 1476 441 1508 caelestem
474 1482 599 1514 semper
623 1483 771 1507 amorem.

358 1550 563 1586 Responsoria.

163 1608 194 1641 1.
221 1607 421 1647 virginitatis
442 1608 554 1648 honor,

269 1655 365 1686 decus
392 1654 545 1687 ecclesiae
568 1654 756 1694 patriaeque

219 1701 368 1734 Libertas
393 1702 526 1745 capitur,

266 1752 441 1791 truncatur,
470 1749 641 1781 dilaniatur

146 1796 186 1831 V.
217 1796 406 1829 Hunnorum
430 1796 546 1837 gladiis

266 1853 344 1884 grex
375 1842 509 1876 floridus
538 1846 634 1883 atque
656 1842 770 1878 fidelis,

159 1903 192 1935 2.
218 1901 363 1942 Virginei
388 1903 506 1941 coetus,

265 1951 397 1981 centeno
422 1947 533 1980 fenore
557 1946 696 1980 fructum

215 1996 299 2029 Dum
324 1995 478 2038 referunt,
504 1994 575 2028 fuso

263 2044 416 2085 sanguine
442 2044 526 2075 celsa
549 2046 671 2087 petunt,

145 2091 183 2126 V.
212 2091 308 2133 Ecce,
334 2092 514 2132 puellarum

261 2148 355 2172 sacra
378 2148 513 2179 corpora
532 2139 606 2171 dum
623 2138 767 2170 laceran-

541 2189 604 2219 tur.

842 198 872 231 3.
899 198 988 230 Inter
1012 205 1108 229 naves
1132 205 1224 229 sacra
1247 197 1336 238 virgo

947 244 1087 277 Cordula
1113 244 1248 285 delituit,

899 291 963 323 Sed
986 292 1021 322 in
1044 291 1114 323 luce
1138 291 1350 331 subsequente

945 341 1048 370 morte
1070 338 1167 371 vitam
1191 339 1343 379 repperit,

828 385 867 418 V.
898 385 1055 425 Sanguine
1079 394 1151 417 mox
1175 386 1306 425 proprio

944 441 1003 471 pro
1029 431 1147 465 Christi
1173 433 1299 465 nomine
1323 431 1403 465 fuso.

840 490 872 522 4.
897 488 1065 529 Virgineas
1089 491 1211 520 mentes

944 535 1110 575 praevenit
1133 536 1264 575 spiritus
1287 536 1398 574 almus,

898 581 965 614 Has
991 582 1052 614 sibi
1074 583 1247 621 mundavit,

945 629 1127 661 mundando
1151 628 1380 670 sanctificavit-„3

829 676 867 709 V.
898 676 1055 708 Victrices
1080 676 1190 708 mundi

947 721 1034 754 felici
1061 724 1134 756 dote
1158 724 1328 757 laetantur.

988 864 1004 895 I
1014 873 1034 894 n
1058 863 1142 895 Lau
1153 864 1221 896 dib
1231 873 1287 896 us.

1017 937 1063 963 Ad
1082 937 1266 964 Benedictus.

827 993 867 1025 A.
898 992 997 1024 Sacra
1022 993 1089 1024 dies
1114 993 1204 1025 nobis

945 1040 1052 1071 illuxit
1075 1040 1193 1072 virtute
1220 1041 1364 1081 celebris,

900 1087 968 1126 Qua
992 1095 1126 1126 sponsae
1151 1087 1270 1119 Christi

948 1134 1072 1166 devicto
1097 1134 1242 1174 principe
1264 1135 1374 1166 mundi

900 1181 1057 1221 Sanguine
1079 1180 1228 1221 perfusae

946 1228 1129 1268 paradisum
1154 1231 1402 1269 promeruerunt.

1044 1302 1090 1329 Ad
1110 1302 1237 1331 Sextam.

829 1362 871 1393 A.
901 1360 1070 1400 Virgineae
1091 1364 1212 1392 mentes

946 1406 1122 1446 perflarunt
1143 1408 1253 1439 indole
1275 1408 1401 1450 multas,

898 1455 1073 1494 Iungantur
1097 1455 1222 1494 superis

948 1504 1022 1533 voto
1046 1502 1173 1542 vitaque
1198 1502 1319 1534 beatae.

1046 1576 1091 1603 Ad
1110 1576 1234 1603 Nonam.

828 1634 869 1665 A.
901 1635 1002 1666 Ferro
1028 1641 1139 1665 caesae
1165 1642 1294 1665 caenum
1317 1637 1448 1678 ponunt,

901 1681 1001 1713 Recto
1027 1681 1129 1722 gradu
1155 1682 1258 1713 caelos
1282 1684 1396 1721 potunt

901 1728 1061 1761 Christum
1085 1728 1188 1760 Deum
1211 1729 1275 1760 iam
1301 1730 1426 1761 visurae

900 1776 945 1808 Et
970 1785 1040 1808 cum
1064 1776 1134 1816 ipso
1159 1785 1396 1816 permansurae.

972 1909 1019 1942 In
1044 1911 1077 1942 2.
1103 1910 1318 1950 Vesperis.

1019 1984 1065 2012 Ad
1084 1983 1263 2020 Mag-nificat.

826 2044 867 2077 A.
899 2042 1085 2083 Virginibus
1112 2042 1211 2074 caesis

946 2093 978 2122 et
1001 2090 1121 2130 passim
1148 2090 1308 2122 dilaniatis

899 2137 984 2170 Gens
1007 2136 1090 2177 fugit
1112 2135 1214 2169 infida

944 2193 1094 2226 superum
1121 2187 1283 2224 pugnante
1309 2187 1446 2219 caterva.

220 2262 305 2290 Brev.
325 2271 378 2290 ms.
401 2262 633 2299 Compendiense
653 2270 729 2289 saec.
751 2259 797 2289 14.
828 2261 898 2289 Cod.
918 2261 1043 2288 Parisin-
1066 2257 1172 2287 17994.
1192 2259 1227 2287 A.
1242 2276 1279 2280 —
1294 2260 1379 2288 Brev.
1400 2270 1454 2288 ms.

141 2300 271 2330 Farense
308 2309 383 2328 saec.
411 2299 456 2328 14.
502 2299 570 2328 Cod.
597 2301 740 2328 Mazarin.
768 2297 824 2327 349
851 2296 935 2335 (761).
964 2299 998 2325 Β.
1024 2312 1062 2318 -
1087 2298 1173 2325 Brev.
1198 2306 1251 2325 ms.
1281 2298 1455 2335 Choquense

142 2346 219 2365 saec.
242 2336 286 2365 14.
322 2339 392 2366 Cod.
407 2339 592 2367 Bollandian.
614 2347 636 2366 s.
657 2347 686 2366 n.
701 2338 732 2366 C.
752 2352 789 2358 -
803 2338 888 2366 Brev.
910 2346 962 2365 ms.
978 2336 1187 2364 Cameracense
1206 2344 1281 2364 saec.
1304 2335 1348 2365 15.
1383 2338 1453 2365 Cod.

141 2376 314 2405 Laudunen.
339 2374 404 2405 256.
424 2378 461 2404 D.
483 2392 518 2396 -—
538 2378 624 2405 BreV.
650 2386 703 2404 ms.
724 2376 753 2405 S.
777 2377 892 2405 Mariae
910 2377 1067 2404 Trimmen.
1096 2382 1172 2402 saec.
1201 2372 1246 2402 15.
1290 2375 1358 2403 Cod.
1380 2376 1454 2404 0011.
