1655 2534
664 86 824 121 -237
877 108 919 112 —

211 176 332 209 Laudis
357 181 481 210 turmae
506 181 570 211 tam
596 189 738 223 serenae,
895 184 1029 223 Quarum
1056 184 1133 214 cinis
1159 183 1205 214 sic
1230 181 1334 214 affinis

213 224 289 256 Sion
315 234 389 257 aree
414 229 507 265 quzim
532 236 682 259 amoenae
940 234 1060 266 Terrae
1085 237 1192 266 sacrat
1215 235 1377 274 gremium,

261 272 439 305 Collocavit
463 272 628 307 Dominus.
895 285 985 324 Quod
1011 286 1098 317 exosi
1123 286 1270 317 venenosi

274 328 320 359 In
346 330 376 360 2.
404 329 625 368 vesperis.
938 336 1009 368 Non
1035 340 1127 376 paret
1149 338 1324 379 vestigium,

331 383 377 410 Au
396 382 575 419 Magnificat.
896 387 963 419 Nos
989 388 1029 419 ad
1056 389 1162 427 polum
1189 389 1272 421 vitae
1295 389 1395 420 solum

143 425 184 456 A.
216 426 240 458 O
267 426 425 464 victrices,
454 428 621 459 amatrices

944 438 1130 471 Transferte
1154 448 1212 479 per
1236 440 1391 471 meritum.

264 473 454 506 Serenomm
482 475 635 513 cot-dmm,

218 556 303 583 Brev.
325 556 486 584 Grassense
513 557 581 593 imp.
607 570 630 585 μ.
658 558 676 585 l.
699 561 728 586 et
752 567 778 586 a.
804 557 906 593 (1528).
933 560 967 587 A.
1044 560 1163 595 Antiph.
1187 569 1239 587 ms.
1259 560 1445 587 Dcminican.

143 600 219 620 saec.
241 592 315 621 14l15.
356 594 426 622 Cod.
445 595 521 621 Mus.
545 596 706 623 Bononien.
727 595 754 624 4.
775 597 807 624 Β.
827 611 866 616 —-
884 597 919 624 In
952 597 975 624 B
995 598 1035 624 ist
1054 598 1106 624 <las
1127 596 1261 625 Officium
1286 596 1367 624 stark
1392 598 1448 624 mit.

141 630 245 658 Teilen
271 639 325 658 aus
351 631 415 659 dem
441 631 696 669 vorhergehenden
722 633 854 662 Officium
885 635 1024 662 alteriert.
1044 649 1081 654 —-
1099 635 1139 662 In
1162 632 1186 661 1.
1213 636 1316 670 Vesp.
1344 634 1396 662 hat
1419 634 1446 661 B

143 668 281 703 folgende
301 669 320 694 Α
341 677 429 705 super
448 669 512 696 Ps.:

569 726 673 753 Lauda
693 727 788 754 Deum
806 729 897 760 tuum,

606 763 712 791 devota
732 763 864 798 Colonia,

570 801 626 834 Qui
649 805 677 827 te
696 801 783 828 laude
802 801 873 829 feeit
892 802 1010 838 dig-nam

602 846 654 873 per
675 838 793 865 undena
812 839 896 866 milia

568 876 732 911 Virginalis
753 877 852 902 coetus
873 877 929 904 tibi

605 913 689 939 missi
709 913 745 940 de
764 913 929 941 Britannia.

138 966 179 993 In
201 965 225 993 1.
245 967 275 994 N
280 969 348 993 oct.
370 967 410 993 ΑΑ
439 976 492 995 aus
513 967 577 995 dem
599 968 854 1005 vorhergehenden
874 969 1007 997 Officium
1026 970 1064 1002 Βς
1085 970 1191 997 ebenso
1214 967 1235 995 R
1253 967 1266 995 1
1288 968 1347 995 und
1367 966 1393 994 2.
1407 981 1444 986 —

138 1003 179 1030 In
201 1002 228 1030 2.
248 1004 346 1031 Noet.
368 1005 408 1031 ΑΛ
437 1005 486 1032 die
517 1006 567 1032 der
597 1008 693 1033 ersten
721 1007 854 1034 Nocturn
880 1007 912 1034 B.
941 1021 980 1025 --
1007 1004 1027 1033 R
1051 1006 1065 1034 1
1091 1007 1169 1034 Istae
1195 1006 1301 1034 mundo
1332 1007 1385 1033 etc.
1407 1021 1444 1025 —

142 1040 160 1066 R
181 1038 199 1067 2
225 1041 365 1068 entlehnt.
391 1057 428 1061 —
452 1043 494 1070 In
522 1041 548 1070 3.
574 1044 676 1070 Noct.
702 1044 721 1070 Α
748 1042 763 1070 1
790 1043 978 1080 Metropolim
1002 1044 1177 1072 Germaniae
1203 1044 1236 1071 B.
1263 1057 1301 1061 —
1327 1041 1346 1067 Α
1367 1041 1385 1069 2
1408 1042 1445 1069 In

140 1081 229 1114 portu.
249 1080 335 1114 quasi
353 1079 421 1107 lilia
438 1080 471 1107 B.
493 1094 529 1099 -
554 1080 573 1106 Α
594 1078 612 1108 3
633 1081 765 1109 entlehnt
782 1082 815 1109 B.
838 1095 877 1100 -
903 1082 921 1107 R
944 1080 968 1115 1,
990 1080 1007 1108 5
1028 1082 1178 1110 trucidans
1197 1082 1232 1109 A.
1252 1095 1291 1099 —-
1317 1078 1337 1105 R
1361 1079 1385 1113 1,
1411 1077 1447 1106 12

142 1117 289 1144 ooneiusis
307 1116 342 1143 A.
363 1133 400 1137 —-
422 1117 439 1143 R
462 1117 486 1151 1,
506 1118 590 1145 Felix
609 1118 695 1146 tellus
717 1120 749 1146 B.
770 1133 809 1137 —
829 1116 849 1144 Β
871 1117 889 1146 2
909 1119 1039 1147 entlehnt
1056 1121 1089 1148 Β.
1117 1135 1135 1138 -
1168 1118 1185 1145 R
1206 1117 1233 1151 2,
1254 1117 1271 1145 5
1291 1118 1446 1154 Virginum

140 1153 175 1180 A.
196 1170 232 1174 —
254 1152 274 1179 R
295 1151 322 1188 3,
344 1152 361 1181 6
383 1158 447 1182 orta
466 1158 511 1182 est
532 1157 566 1183 A.
588 1170 622 1174 -
643 1155 683 1182 In
702 1155 812 1184 Laud.
833 1155 874 1182 ΛΑ
899 1156 996 1184 fehlen
1017 1158 1040 1184 B
1066 1158 1111 1184 bis
1132 1157 1185 1183 auf
1201 1158 1287 1184 einen
1306 1155 1372 1182 Teil
1393 1155 1445 1181 der

139 1190 255 1219 letzten.
276 1205 313 1209 —-
338 1192 383 1220 Ad
407 1193 514 1220 Bened.
542 1194 561 1219 Α
588 1193 720 1220 entlehnt
738 1192 771 1221 B.
791 1208 829 1212 —
848 1194 890 1221 In
910 1192 936 1221 2.
956 1195 1060 1230 Vesp.
1081 1195 1125 1221 Ad
1144 1194 1243 1231 Magn.
1265 1193 1283 1219 Α
1307 1191 1322 1219 1
1345 1203 1361 1220 o
1382 1200 1443 1219 ma-

139 1229 236 1256 trices.
256 1230 291 1256 A.
311 1244 350 1248 —
368 1230 444 1258 Ibid.
464 1228 482 1258 3
502 1232 576 1258 civis
599 1232 642 1258 sic
662 1231 756 1259 affluit
774 1231 809 1258 A.
825 1247 860 1252 ——
879 1232 953 1259 Ibid.
974 1231 991 1259 5
1013 1233 1092 1266 Quos
1113 1233 1147 1259 A.
1169 1246 1204 1251 --
1225 1231 1300 1259 Ibid.
1318 1228 1335 1257 6
1356 1230 1444 1265 parit..

143 1266 292 1301 Hymnus:
315 1266 426 1295 Chorus
439 1276 535 1296 novae
548 1268 707 1296 Ierusalem
727 1270 751 1296 A
772 1267 867 1304 (Anal.
887 1270 954 1303 XII,
976 1267 1049 1305 253).

594 1405 639 1436 87.
669 1405 710 1436 De
731 1405 841 1436 saneta
860 1406 984 1437 Ursula.

278 1503 321 1534 In
352 1504 383 1536 1.
410 1503 627 1542 Vesperis.
964 1503 1023 1535 Ad
1048 1503 1319 1537 Matutinum,

322 1604 416 1642 Super
435 1605 581 1633 Psalmos.
1026 1587 1241 1615 Invitatorium.

894 1647 1028 1685 Agnum‚
1055 1654 1203 1684 sponsum
1228 1646 1397 1685 virgmum‚

141 1682 182 1714 A.
208 1681 364 1720 Laudate‚
391 1682 526 1722 puellae,
553 1682 731 1718 Dominum,
895 1692 1073 1723 Adoremug
1099 1692 1277 1732 Dominum,

215 1728 416 1767 COllaUda‘ssea
446 1737 554 1760 omnes
580 1730 700 1770 P0P1ffl2
896 1741 998 1771 Iesum
1026 1739 1185 1772 Christum
1210 1739 1366 1772 floridum.

214 1776 341 1814 Anima,
370 1784 523 1815 compone
545 1776 677 1810 jubilum

215 1823 334 1856 Psalmi
360 1823 445 1863 boni,
472 1823 588 1854 laetum
615 1824 741 1866 cantici,

214 1870 330 1902 Lauda
354 1870 529 1903 Ierusalem
554 1871 715 1915 optimum,

211 1920 333 1950 Assunt
358 1922 464 1959 magni
490 1915 572 1950 festa
596 1918 713 1958 gaudii.

952 1853 998 1885 ln
1027 1855 1056 1886 1.
1084 1853 1316 1885 Nocturno.

1034 1937 1234 1972 Antiphonae.

840 1996 870 2027 1.
895 1995 946 2027 Ex
973 2003 1028 2026 ore
1047 2003 1137 2026 sacro
1162 1995 1317 2034 virginum

328 2020 374 2048 Ad
393 2019 573 2056 Magnificat.
944 2043 1016 2074 Iesu
1039 2050 1151 2073 nomen
1177 2041 1391 2082 praedicatur,

140 2099 180 2130 A.
215 2098 291 2131 Cum
315 2102 426 2131 sancta
449 2102 552 2132 matre
578 2099 700 2139 virgine
945 2089 989 2121 Et
1014 2089 1157 2128 exemplo
1185 2090 1430 2130 demonstratffl'r

263 2145 362 2178 Sacra
385 2146 514 2186 plaude,
541 2146 671 2186 Ursula,
898 2136 987 2175 Quod
1012 2136 1166 2168 Dominus
1193 2139 1240 2167 est
1265 2137 1413 2168 omnium.

212 2193 257 2225 Et
281 2196 386 2225 tecum
411 2196 485 2228 tuae
510 2194 626 2236 sociae,
840 2196 871 2228 2.
900 2192 994 2225 Caelo
1020 2193 1099 2224 caeli
1123 2193 1268 2232 puriores

266 2239 388 2279 Spiritu
414 2245 447 2272 et
470 2243 576 2273 anima
948 2239 1097 2272 Divinam
1122 2240 1248 2272 laudem
1274 2241 1432 2284 nuntiant,

212 2286 420 2326 Magnificam
445 2288 558 2328 sapide
945 2287 1027 2319 Dum
1055 2288 1086 2319 hi
1114 2295 1173 2327 per
1189 2288 1297 2319 orbem
1316 2289 1453 2320 rutilant

260 2334 431 2367 Dominum
457 2344 515 2375 per
540 2336 677 2369 saecula.
898 2334 976 2368 Cum
1003 2335 1122 2369 Ursula
1145 2336 1343 2376 splendores.
