1655 2534
291 180 376 218 Quae
399 178 611 218 praedicando

343 226 461 265 sparsit
483 225 572 256 verbi
597 225 724 256 semina.

252 298 259 304 .
291 272 463 304 Salvatoris
489 271 694 303 conservabat

292 318 397 358 Gesta,
424 318 522 350 verba

340 365 423 405 quod
447 368 520 404 post
544 364 715 397 eructabat.

256 445 262 452 .
289 421 370 453 Dum
396 421 575 452 Tarascone
601 420 766 452 draconem

290 467 387 499 Duxit
414 468 455 498 ad
481 467 669 499 occisionem

289 514 374 545 Zona
398 514 535 545 vinctum
559 514 646 544 velut
669 521 791 552 agnum,

289 560 395 591 Plebis
420 560 592 599 tripudium

337 606 439 637 effecit
462 615 616 645 magnum,

249 678 258 685 .
289 653 377 684 Pium
403 652 585 684 miraculum
609 650 753 682 videntes

289 699 477 731 Collaudant
499 696 646 729 adflictae
669 699 786 736 gentes.

254 777 260 784 .
287 753 414 785 Martha
439 753 625 791 veneranda,

288 799 401 838 GestiS,
429 799 532 831 verbis
554 799 749 837 admiranda,

288 846 370 877 Dum
394 847 537 878 iuvenem
562 846 734 887 suscitavit,

287 892 413 925 Laudes
438 893 604 924 salvatoris

333 938 522 977 mirificavit,

251 1010 257 1017 .
292 986 385 1023 Actu,
411 988 482 1017 voto
505 984 621 1017 Christi
644 985 787 1026 gloriam,

289 1031 508 1063 Reverentiam

337 1088 402 1110 non
424 1086 575 1117 quaerens
599 1079 770 1118 propriam.

343 1180 390 1211 In
415 1181 448 1212 3.
471 1178 698 1211 Nocturno.

424 1243 616 1279 Antiphonae.

252 1313 260 1321 .
285 1290 379 1322 Dicta
403 1293 475 1322 sunt
498 1291 634 1329 gloriosa

285 1337 335 1368 De
359 1340 400 1379 te,
425 1337 554 1369 Martha
578 1346 729 1379 speclosa,

284 1383 354 1414 Hoc
379 1383 495 1414 celebri
519 1382 599 1415 festo

331 1430 464 1468 miseris,
488 1429 543 1469 pia
565 1432 684 1470 mater,
711 1432 830 1464 adesto.

255 1508 263 1518 .
288 1486 324 1516 In
349 1486 474 1524 populis
499 1486 716 1517 annuntiemus

286 1531 459 1572 Mirabilia‚
485 1540 563 1570 quae
588 1531 665 1563 fecit
687 1533 784 1573 Deus,

288 1577 370 1608 Dum
396 1577 550 1608 Lazarum
574 1579 782 1622 resuscitavit,

289 1623 383 1654 Suam
409 1624 555 1655 dilectam
578 1624 771 1659 laetificavit.

253 1706 260 1713 ,
287 1679 385 1710 Tubis
408 1679 442 1709 in
469 1679 637 1711 ductilibus

288 1724 464 1757 Psallamus
491 1735 559 1757 cum
584 1726 728 1759 laudibus

289 1771 428 1812 Christo,
452 1773 505 1811 qui
528 1775 602 1810 post

330 1818 522 1850 laudabilem
542 1819 639 1851 vitam

284 1863 379 1895 Suam
403 1865 464 1896 sibi

328 1911 432 1942 iunxit
457 1912 598 1944 amicam.

417 1986 621 2021 Responsoria.

252 2057 259 2065 .
284 2033 361 2065 'Post
386 2032 525 2073 obsequii
548 2033 690 2066 laborem

285 2079 458 2119 Carnisque
482 2080 722 2113 macerationem

286 2126 403 2158 Christi
429 2127 544 2158 dilecta
570 2127 687 2160 divitiis

282 2173 397 2205 Delata
421 2172 536 2207 fruitur
561 2175 693 2215 deliciis,

244 2247 250 2253 .
282 2220 328 2253 Ut
351 2221 474 2259 requies
498 2223 572 2261 post
590 2221 731 2255 laborem

280 2267 325 2298 Et
347 2269 494 2306 sequatur

326 2313 427 2353 gloria
450 2314 638 2354 squalorem.

840 81 979 116 54-

907 178 939 208 2.
965 173 1082 207 Sancta
1106 173 1237 206 Martha

1011 220 1076 252 iam
1100 221 1212 252 mortis
1237 219 1316 252 hora
1338 219 1479 251 instante

966 267 1092 300 Gaudet
1115 267 1249 299 Domino

1010 323 1045 346 se
1068 314 1227 353 visitante,

962 361 1060 400 Quam
1084 363 1158 402 post
1180 361 1286 392 tristia

963 408 1066 440 Vocat
1089 408 1131 439 ad
1157 408 1321 440 caelestia:

894 457 932 488 V.
960 455 1051 495 Veni,
1076 455 1204 494 hospita
1225 463 1306 494 mea,

1009 502 1091 540 veni,
1120 501 1237 533 dilecta
1259 510 1338 543 mea,

962 548 1016 581 Ad
1040 557 1099 586 me,
1125 556 1216 587 quem
1242 557 1328 579 amas

1010 597 1115 626 mente
1138 597 1258 634 sancta,
1285 594 1349 627 fide
1374 602 1460 626 vera.

905 681 936 713 3.
961 678 1069 711 Fortis
1095 679 1248 717 agonista,

1007 725 1169 758 mundalia
1193 733 1346 764 respuens
1369 725 1442 764 ista,

962 772 1109 805 Suaviter
1132 771 1264 803 interius

1008 818 1117 850 Oculis
1141 826 1295 858 suspensa
1321 820 1477 857 supernis,

962 866 1093 904 Semper
1116 864 1303 897 inhaerebas

1007 912 1142 949 Dilecto,
1169 920 1262 951 quem
1289 911 1456 953 cupiebas;

891 959 930 992 V.
961 958 1086 992 Christo
1112 958 1280 990 coniuncta

1007 1008 1081 1045 pete
1104 1004 1196 1037 nobis
1211 1014 1367 1045 prospera
1387 1007 1512 1037 cuncta.

1051 1164 1097 1195 In
1118 1163 1344 1196 Laudibus.

954 1290 972 1302 .-
1100 1273 1295 1310 Antiphonae.

902 1367 931 1399 1.
957 1367 1097 1408 Martha,
1121 1368 1253 1408 insignis
1275 1370 1406 1409 athleta,

957 1415 1113 1453 Legisque
1136 1414 1266 1447 Domini
1291 1417 1431 1453 decreta,

961 1462 1046 1500 Quae
1069 1462 1164 1493 corde

1003 1508 1173 1539 meditatur
1199 1509 1344 1549 dulciter,

956 1554 1151 1593 Explicabat

1003 1609 1146 1633 sermone
1170 1603 1336 1642 sagaciter.

902 1685 933 1717 2.
961 1684 1098 1723 Cumque
1123 1686 1219 1718 verbo
1248 1695 1341 1726 quam
1366 1689 1510 1728 exemplo

959 1731 1048 1763 Haec
1072 1732 1216 1764 columna

1003 1778 1074 1809 visa
1096 1778 1140 1810 sit
1162 1779 1225 1811 Dei
1246 1782 1377 1820 templo,

958 1824 1064 1864 Digna
1088 1830 1258 1858 veneratur
1282 1829 1436 1871 apostola,

955 1871 1040 1904 Fide
1063 1874 1197 1912 actuque

1005 1917 1123 1950 Christi
1149 1920 1313 1959 discipula.

903 2003 933 2034 3.
958 2000 1101 2033 Ministri
1124 2004 1199 2033 tunc
1224 2004 1377 2038 ecclesiae

958 2048 1051 2079 Hanc
1066 2050 1198 2080 matrem
1217 2054 1308 2082 erant
1325 2058 1510 2087 venerantes

955 2095 999 2126 Et
1022 2095 1199 2127 sanctitatis
1225 2098 1359 2132 eximiae

956 2140 1189 2173 Plenitudinem
1215 2144 1377 2178 mirantes.

859 2264 868 2267 -
898 2226 928 2257 4.
951 2226 1015 2258 Vas
1039 2227 1160 2265 gratiae
1182 2229 1412 2274 inexhaustum,

952 2272 1022 2304 Deo
1049 2273 1176 2314 dignum
1198 2276 1426 2319 holocaustum,

959 2320 1105 2354 Omnium
1132 2331 1229 2362 genus
1255 2325 1437 2364 expolitum.
