1655 2534
184 363 203 394 [ὓ

155 2322 194 2354 V.

697 109 931 145 ,29-

240 203 283 236 Et
304 203 460 237 obscaeno
484 205 629 239 duodeno

240 252 334 283 Anno
359 252 435 283 luxu
460 252 563 284 carnis
588 252 674 285 fluxu

287 298 469 338 Voluptatis
493 299 646 338 pascitur.

208 386 215 394 .
241 363 423 395 Alexandri
446 363 556 396 urbem
582 365 687 405 magni

239 409 329 442 Haec
352 411 472 452 puella,
498 411 578 443 haec
601 412 720 444 tenella

287 456 467 498 Transfuga
491 460 567 490 tunc
589 458 679 498 adiit,

237 502 304 536 Ubi
327 506 437 544 stupro
461 505 520 537 vili
542 506 630 538 lucro

242 551 365 590 Corpus
391 554 492 591 curat,
517 552 576 584 sed
600 552 738 585 obdurat

284 597 426 630 Mentem
440 601 569 641 castam,
588 608 668 639 quae
684 600 788 639 periit.

239 663 404 695 Illecebris
429 665 509 696 haec
533 665 672 697 tenebris

240 710 303 743 Cor
320 710 367 741 sic
379 712 508 742 stultum
523 714 645 751 tempus
659 713 791 744 multum

284 757 437 789 Libidine
461 757 603 801 nutrivit,

237 803 300 837 Sed
308 806 381 843 post
390 804 641 843 planctumlabis
647 808 789 837 sanctum

237 850 343 883 Corde
375 853 496 883 rectum
518 851 560 883 ad
587 854 789 891 conspectum

283 897 412 929 Domini
437 897 548 931 sitivit.

374 990 582 1026 Responsoria.

237 1058 324 1089 Nutu
350 1057 411 1089 Dei
436 1059 578 1089 sanctam
604 1065 738 1097 crucem,

236 1105 355 1137 Contra
379 1105 464 1136 mala
488 1113 584 1137 saeva
608 1108 738 1144 trucem,

235 1151 324 1183 Haec
350 1160 419 1183 cum
443 1152 561 1191 populo
584 1151 676 1184 beato

235 1198 409 1230 Ierusalem
432 1198 593 1238 Aegyptia

234 1244 307 1285 Ivit,
333 1246 391 1277 sed
416 1247 449 1277 et
472 1245 552 1276 vitia

235 1292 395 1324 Formatis
419 1294 514 1331 auget
536 1291 686 1331 peccatis,

233 1339 316 1371 Nam
340 1348 398 1378 pro
431 1338 527 1371 naulo
554 1346 666 1378 corpus
689 1339 786 1378 paulo

280 1385 446 1418 Nauclen‘s
471 1384 613 1427 subiecit,

232 1432 277 1465 Et
300 1432 347 1464 sic
370 1435 478 1466 votum
502 1440 584 1471 pene
607 1433 706 1465 totum

279 1479 317 1511 In
341 1480 413 1520 ipsa
439 1477 565 1512 defecit.

203 1570 210 1578 .
235 1545 463 1585 Ierosolymam
486 1548 642 1584 perventa

235 1593 318 1625 Prae
342 1591 464 1624 foribus
490 1594 539 1623 est
562 1594 686 1624 retenta

233 1639 361 1679 Templi
384 1639 551 1679 peccatrix
573 1638 694 1672 infessa

232 1687 279 1719 Ob
304 1687 426 1718 scelera
450 1686 601 1727 enormia,

232 1733 320 1767 Vitia
343 1733 554 1765 multiformia

232 1781 406 1820 Repulsam
432 1782 481 1813 est
503 1789 674 1823 perpessa3

230 1829 346 1861 Pectus
369 1828 477 1860 tundit
499 1828 580 1860 haec
605 1830 637 1860 et
659 1826 767 1859 fundit

278 1875 442 1907 Lacrimas
466 1875 690 1915 paenitentiae,

234 1922 324 1955 Mala
346 1923 480 1964 plangit,
506 1932 579 1954 nam
606 1932 660 1955 cor
684 1923 786 1963 tangit

281 1969 420 2010 Spiritus
447 1970 668 2003 eonscientiae.

201 2061 208 2068 .
234 2036 376 2069 Contrito
401 2036 480 2069 haec
503 2045 630 2077 gemens
655 2037 760 2076 eorde,

230 2085 437 2117 Peccatorum
461 2086 498 2115 ut
521 2093 541 2116 a
565 2085 659 2117 sorde

276 2130 374 2171 Virgo
400 2131 483 2165 hanc
504 2132 643 2171 eriperet

229 2179 273 2211 Et
298 2178 340 2210 ad
366 2187 491 2211 erucem
515 2179 712 2212 adorandam

227 2225 423 2266 Veniamque
447 2227 681 2266 impetrandam

274 2273 444 2306 Introitum
469 2275 674 2314 concederet;

246 2321 312 2354 Sed
336 2324 469 2362 repente
494 2324 582 2354 casta
603 2323 708 2353 mente

274 2368 374 2400 Tristi
398 2371 471 2409 post
495 2367 563 2400 fere
589 2369 747 2410 desperat,

920 207 1024 239 Vitam
1049 207 1158 239 mundi
1184 207 1347 239 furibundi

967 255 1163 295 Abnexuque
1186 254 1344 293 spondiat.

976 396 1022 428 In
1048 396 1079 427 2.
1109 393 1336 427 Nocturno.

1060 478 1180 513 Antiph<
1186 485 1245 505 mae

885 568 892 576 .
920 544 1001 576 Voce
1028 545 1115 576 clara
1138 545 1185 576 sie
1209 553 1317 575 amara

918 591 1096 624 Paenitenti
1119 600 1222 631 poena
1244 590 1331 622 flenti

964 638 1087 671 Mariae
1110 638 1270 677 indicitur,

918 685 952 718 Si
974 686 1119 718 juvamen
1143 688 1232 717 trans
1256 684 1422 716 Iordanem

919 732 998 764 Adit
1023 732 1148 774 saltum,
1175 740 1233 772 per
1259 740 1312 763 cor
1334 731 1431 762 altuni

965 779 1057 811 Salus
1083 779 1142 811 tibi
1166 778 1312 811 adicitur.

883 860 889 867 .
916 834 980 866 Sed
1004 835 1095 867 beato
1120 834 1188 866 Deo
1215 830 1327 877 [grato]

916 882 1132 921 Quadragenis
1159 889 1227 912 cum
1249 881 1384 920 septenis

965 927 1065 960 Annis
1090 927 1148 957 luit
1171 931 1206 958 in
1232 927 1356 959 deserto

914 974 959 1006 Et
984 975 1023 1006 de
1047 982 1130 1013 pane
1154 974 1237 1005 trino
1262 982 1338 1004 sane

914 1021 1039 1061 Degens
1065 1020 1155 1052 annis
1181 1027 1291 1051 carens
1317 1019 1430 1059 pannis

964 1068 1106 1107 Corpore
1131 1067 1341 1106 discooperto.
1357 1059 1365 1067 ⁹

881 1148 888 1155 .
916 1124 1017 1156 Nimis
1032 1123 1138 1155 decem
1153 1132 1212 1164 per
1225 1122 1327 1153 earnis
1346 1123 1466 1154 faecem

914 1170 989 1203 Cum
1015 1171 1154 1209 septenis
1179 1169 1269 1202 annis
1294 1169 1397 1209 plenis

961 1217 1067 1250 Maria
1089 1217 1283 1256 molestatur,

912 1264 976 1296 Sed
1003 1263 1110 1296 divino
1132 1266 1211 1295 nutu
1235 1263 1319 1294 trino

912 1311 1108 1343 Incentivum
1133 1310 1236 1342 carnis
1260 1309 1364 1341 vivum

961 1358 1012 1390 Ab
1036 1357 1108 1397 ipsa
1131 1359 1356 1397 sequestratur.

1049 1441 1255 1476 Responsoria.

882 1534 889 1541 .
917 1508 1094 1540 Aestuabat
1111 1507 1215 1540 ‚abbas
1240 1507 1293 1546 pio

911 1556 1052 1587 Zosimas
1078 1554 1235 1587 desiderio

958 1603 1060 1635 Trans
1077 1601 1193 1634 fretum
1205 1601 1344 1634 lustrans
1359 1601 1465 1632 deser-

914 1697 1062 1737 Aliquem
1087 1696 1115 1728 si
1139 1695 1223 1728 forte
1239 1651 1373 1735 Ἐεῗιῖωη

912 1744 1090 1784 Reperiret,
1118 1752 1231 1783 corpus
1256 1746 1360 1775 atrum

960 1791 1110 1831 Viditque
1136 1791 1387 1833 discoopertum3

875 1866 880 1871 .
912 1838 986 1871 Sole
1008 1840 1080 1871 usta
1103 1838 1189 1870 nuda
1213 1838 1296 1869 iusta

961 1886 1118 1919 zosimam
1144 1885 1248 1926 coepit
1271 1892 1422 1925 spernere

912 1934 1002 1966 Tune
1025 1933 1131 1965 Maria
1153 1933 1322 1975 Aegyptia,

959 1982 1009 2014 Ne
1032 1980 1151 2012 nudam
1175 1980 1275 2020 possit
1297 1986 1435 2011 eernere.

879 2065 885 2072 .
915 2037 1096 2071 catholicus
1121 2037 1170 2069 vir
1194 2036 1333 2068 Zosimas

912 2085 1047 2118 Mariam
1072 2093 1131 2124 per
1156 2083 1346 2123 asperrimas

957 2131 1178 2164 Insectabatur
1200 2129 1279 2169 vias,

912 2180 997 2218 Quae
1021 2178 1062 2210 ad
1087 2178 1189 2209 virum
1207 2177 1338 2210 clamat:
1365 2181 1463 2217 tuum,

912 2226 1017 2266 Pater,
1043 2225 1091 2257 sic
1113 2225 1242 2267 porrige
1265 2228 1405 2257 mantum

956 2273 1001 2305 Et
1026 2272 1148 2312 capiam
1169 2272 1328 2305 indunias.

839 2322 877 2354 V.
910 2320 968 2352 Vir
991 2320 1175 2352 mantellum
1207 2319 1284 2351 satis
1313 2319 1464 2352 tenellum

956 2367 1071 2400 Nudae
1095 2368 1142 2400 sie
1167 2366 1291 2400 confert
1314 2367 1460 2407 feminae,
