1655 2534
602 112 857 149 —119-

98 209 131 243 2.
156 210 241 243 Dum
262 210 424 251 lapidatur
448 210 637 251 Stephanus,

160 258 273 291 Saulus
298 258 552 290 adulescentulus

160 304 307 338 Custodit
329 307 434 339 vestes
461 305 589 336 testium

158 352 333 391 Martyrem
359 351 579 391 lapidantium.

103 417 134 449 3.
160 417 379 456 Protomartyr
403 417 580 456 Stephanus

160 464 247 505 Orat,
273 466 307 494 et
329 463 396 495 cius
419 463 568 504 precibus

159 510 250 543 Iesus
277 510 420 542 Christus
445 511 560 543 stravit
580 511 707 544 Saulum

159 556 203 589 Et
230 557 331 589 erexit
354 560 496 590 sanctum
525 558 665 591 Paulum.

293 651 501 686 Responsoria.

102 706 134 739 1.
161 707 276 740 Paulus
301 707 417 739 nobilis
444 716 559 747 genere

162 754 246 786 Civis
273 752 333 785 fuit
356 754 648 795 lerosolymitanus,

164 800 267 832 Nimis
291 805 405 839 potens

208 850 240 878 et
263 847 406 878 sublimis
430 847 580 880 urbanus.

91 893 128 925 V.
158 893 285 926 Dilexit
307 894 470 926 malitiam
493 903 589 933 super
603 894 710 935 beniq-

159 940 294 973 m'tatem
325 942 354 972 et
377 941 584 981 iniquitatem
607 941 711 982 mayz's

162 997 261 1027 quam
285 987 374 1027 loqui
398 988 600 1027 aequitatem.

104 1054 136 1086 2.
163 1054 276 1086 Saulus
293 1054 397 1085 adhuc
413 1053 540 1093 spirans
556 1055 713 1086 minarum

161 1102 298 1139 Propter
318 1101 445 1132 caedem
461 1100 712 1133 christicolarum

162 1148 193 1179 A
218 1147 347 1178 summis
370 1148 453 1186 petit
478 1147 627 1186 epistolas

163 1195 201 1227 In
225 1194 415 1225 Damascum
438 1194 479 1225 ad
505 1203 700 1235 synagogas;

92 1241 131 1272 V.
162 1240 255 1274 Sedet
290 1240 327 1271 m
362 1240 492 1273 imsidiis
530 1251 601 1273 cum
634 1241 713 1273 divi-

166 1287 263 1330 tibus,
275 1290 313 1319 ut
320 1288 493 1327 interficiat
501 1289 711 1321 innocentem.

107 1353 138 1386 3.
166 1353 243 1385 Cum
268 1353 443 1392 accepisset
466 1356 655 1392 potestatem

163 1400 209 1432 Et
232 1400 407 1431 satellitum
432 1397 626 1441 facultatem,

165 1447 261 1486 Quasi
284 1446 333 1478 leo
360 1447 495 1486 rugiens,

164 1494 287 1532 Capera
311 1493 422 1525 fideles
449 1495 577 1533 cupiens

94 1540 131 1573 V.
161 1540 373 1579 Iniquitatem
404 1541 577 1574 meditatus
607 1543 652 1573 est
674 1542 710 1574 im

164 1587 260 1620 cubili
290 1596 368 1626 suo,'
402 1588 504 1620 astitit
526 1588 617 1620 omni
641 1589 713 1621 viae

162 1643 231 1666 mon
252 1635 364 1667 bonae.

222 1785 268 1817 In
295 1786 326 1816 2.
354 1784 584 1818 Nocturno.

310 1859 502 1895 Antiphonae.

108 1926 136 1960 1.
166 1926 242 1959 Cum
267 1926 537 1967 appropinquaret
550 1926 715 1966 Damasco,

167 1974 264 2005 Venit
290 1974 329 2005 dc
355 1974 440 2006 caelo
465 1974 520 2006 lux
545 1974 650 2006 subito

166 2021 278 2053 Saulus
302 2021 335 2053 in
359 2030 473 2062 magna
493 2022 628 2054 saevitia

170 2069 354 2101 Prostratus
380 2072 429 2100 est
452 2069 569 2101 virtute
588 2069 715 2102 caelica.

109 2135 140 2168 2.
166 2134 340 2167 Comitatus
365 2137 453 2167 stans
470 2135 571 2167 tristis
587 2135 716 2167 nimium

166 2182 268 2213 Audit
293 2182 449 2214 dicentem
472 2182 660 2215 Dominum:

168 2228 272 2270 Saule,
299 2229 404 2268 Saule,

211 2277 287 2316 quid
311 2286 361 2308 me
384 2276 608 2317 persequeris?

162 2324 287 2356 Durum
313 2327 361 2356 est
385 2325 444 2357 tibi

212 2372 416 2405 recalcitrare
441 2373 587 2406 stimulis.

773 210 806 244 3.
831 209 1022 241 assistentes

880 264 988 288 vocem
1012 255 1187 294 audientes,

834 302 898 334 Sed
920 303 1049 343 penitus

880 350 1036 381 neminem
1062 348 1205 381 videntes

839 396 966 428 Timore
993 396 1135 427 concussi

884 442 1139 483 circumstabant,

837 490 917 528 Quid
942 488 1058 522 facturi
1084 491 1198 528 essent,

883 537 1078 577 ignorabant.

972 620 1178 655 Responsoria.

781 690 810 720 1.
837 687 1014 728 Respondit
1038 686 1149 718 Saulus
1175 686 1318 726 trepide:

838 734 912 773 Quis
938 743 971 765 es
999 737 1043 773 tu,
1069 732 1228 765 Domine?

837 780 905 821 Ego
929 790 998 812 sum
1025 781 1107 819 Iesu,

887 835 977 867 quem
1002 831 1036 858 tu
1061 827 1272 866 persequeris.

839 873 863 906 O
890 873 1034 913 Domine,

888 920 940 951 dic
964 920 1049 959 mihi,
1075 919 1151 960 quid
1176 919 1358 959 praecipis?

771 966 806 998 V.
836 966 958 998 Desine
990 965 1030 997 ab
1062 966 1116 997 ira
1149 969 1177 997 et
1209 965 1389 1004 derelinque

839 1012 997 1056 furorem,
1024 1012 1093 1043 noli
1117 1012 1317 1053 aezmmlari,
1348 1020 1390 1042 fae

840 1059 1038 1100 maligneris.

782 1117 812 1147 2.
839 1115 947 1156 Surge,
976 1115 1022 1146 ait
1045 1115 1086 1146 ad
1110 1115 1200 1146 illum
1222 1114 1387 1152 Dominus,

841 1162 945 1195 Visita
969 1162 1155 1193 Damascum
1182 1161 1282 1202 citius,

842 1208 976 1241 Domum
1001 1208 1100 1241 Iudae
1123 1208 1290 1248 mgredere

843 1255 891 1287 Ibi
900 1255 990 1295 scies,
1000 1255 1075 1295 quid
1081 1258 1263 1294 teoporteat
1269 1253 1389 1295 facere3

771 1302 808 1334 V.
839 1302 979 1335 Decuma
1002 1312 1024 1333 α
1039 1302 1125 1333 malo
1149 1304 1177 1333 et
1193 1302 1247 1341 fac
1260 1302 1391 1343 bonum,

841 1349 970 1388 inquire
999 1357 1117 1388 pacem
1148 1350 1177 1379 et
1203 1356 1391 1387 persequere

844 1405 924 1430 eam.

785 1455 815 1486 3.
842 1452 987 1484 Viatores
1013 1452 1139 1484 Saulum
1167 1455 1357 1490 acceperunt

843 1499 887 1532 Et
910 1500 942 1530 in
969 1499 1098 1531 domum

889 1546 990 1579 Iudae
1012 1546 1243 1586 perduxerunt,

840 1593 971 1634 Apertis
997 1592 1096 1624 oculis
1120 1591 1199 1623 nihil
1225 1591 1307 1623 vidit

840 1641 885 1674 Et
892 1649 953 1672 non
968 1649 1038 1671 man
1044 1639 1172 1671 ducavit
1183 1646 1284 1678 neque
1293 1637 1376 1669 bibit
1386 1648 1392 1677 ς
1451 1639 1457 1642 '

771 1688 808 1721 V.
840 1686 966 1721 Gibavz't
991 1696 1063 1719 eum
1078 1686 1244 1718 Dominus
1268 1694 1395 1718 mamm

841 1735 934 1778 vitae,
963 1735 1020 1773 qm·
1044 1734 1082 1765 de
1090 1734 1188 1774 petra
1204 1732 1296 1764 melle
1311 1731 1393 1764 mul-

841 1786 889 1815 tos
913 1781 1056 1814 satiavit.

905 1897 953 1928 ln
980 1897 1010 1928 3.
1035 1894 1265 1926 Nocturno.

989 1968 1182 2004 Antiphonae.

788 2029 817 2062 1.
844 2028 897 2061 Ad
923 2028 1078 2060 Ananiam
1103 2026 1149 2058 ait
1172 2024 1339 2057 Dominus:

847 2076 948 2116 Surge
972 2078 1002 2106 et
1027 2074 1109 2105 vade
1135 2072 1329 2114 quantocius,

845 2124 884 2155 ln
910 2123 978 2154 vico
1003 2122 1090 2152 recto
1115 2118 1242 2150 Saulum
1268 2126 1396 2158 quaere,

847 2170 942 2210 Ecce,
969 2169 1052 2200 enim
1077 2169 1146 2198 orat
1170 2174 1256 2199 vere.

779 2229 809 2261 2.
835 2227 963 2259 Timens
988 2224 1119 2257 visitare
1142 2222 1359 2254 saevissimum

848 2274 990 2306 Ananias
1015 2272 1061 2304 ait
1085 2271 1125 2303 ad
1153 2270 1337 2303 Dominum:

849 2321 908 2355 Vir
931 2321 993 2352 iste
1017 2319 1141 2360 quaerit
1165 2323 1235 2350 tuos
1261 2326 1375 2357 capere

849 2370 892 2403 Et
914 2369 947 2400 in
972 2367 1146 2400 Ierusalem
1169 2365 1355 2406 perducere.
