1655 2534
713 110 970 146 *230—

332 212 378 244 In
403 212 433 243 3.
456 210 684 241 NocturnO.

411 272 602 309 Antiphonae.

212 325 244 357 1.
270 323 388 356 Ursula
413 320 564 359 columba,

320 377 387 400 cum
412 367 531 408 angelis
556 369 630 397 tunc
653 364 790 403 laetaris,

267 415 392 447 Meritis
416 413 553 454 gloriosa

318 462 404 493 eaelo
430 460 600 492 coronaris.

214 521 246 551 2.
271 518 365 557 Regis
389 517 508 556 gloriae

320 566 427 603 portas
452 566 485 594 tu
509 560 656 602 introisti,

278 610 407 642 Hostem
433 613 464 640 et
487 608 634 640 mundum

323 665 391 689 cum
417 663 510 686 earne
535 653 647 685 vicisti.

220 716 254 747 3.
280 713 393 745 Omnes
417 711 448 741 in
473 710 609 742 Domino

320 757 479 789 laetamini
503 756 582 787 recti
608 754 712 792 corde,

276 805 410 843 Quorum
435 805 565 842 peccata

326 851 430 882 deleta
454 852 524 880 sunt
551 857 619 880 cum
644 847 747 879 sorde.

410 913 615 948 Responsoria.

225 963 256 996 1.
278 962 396 994 Ursula
419 962 581 991 mansueta

325 1006 448 1039 ducitur
477 1005 517 1037 ad
542 1005 700 1036 victimam
725 1005 819 1043 laeta,

277 1053 321 1085 Ut
345 1061 403 1083 nec
426 1052 605 1090 praeceptis

325 1099 406 1139 regis
432 1098 589 1129 alliciatur
610 1105 647 1128 ac
671 1096 771 1137 minis,

280 1145 385 1177 Morte
411 1145 480 1175 dira
505 1140 615 1187 [bona]

331 1191 446 1223 Christi
474 1191 672 1229 consequitur
698 1189 798 1227 dona,

209 1239 247 1272 V.
278 1238 321 1269 Et
345 1237 471 1268 victima
495 1236 612 1268 Christi

324 1283 473 1314 mundum
495 1282 576 1313 hunc
592 1276 821 1325 supera[vi]sti.

224 1342 255 1372 2.
281 1339 398 1372 Ursula
422 1338 514 1369 beata

330 1386 389 1417 duc
418 1393 474 1415 nos
500 1378 649 1426 [quoque]
676 1382 717 1413 ad
743 1381 825 1413 dona

605 1432 704 1469 grata,

284 1478 350 1516 Quo
375 1485 489 1516 sponso
514 1478 582 1506 tuta

329 1523 474 1555 inniteris
502 1524 534 1552 ut
559 1521 702 1552 columba

287 1569 425 1608 Corpore
449 1569 610 1599 vulnerato

334 1615 485 1654 martyrio
510 1616 733 1651 consummato,

215 1663 254 1695 V.
283 1661 333 1693 Sis
355 1661 456 1701 nobis,
481 1668 606 1699 sponsa,

339 1708 393 1747 pia
416 1708 457 1739 ad
483 1715 630 1746 sponsum
656 1706 820 1739 advocata.

289 1763 405 1795 Ursula
428 1761 628 1802 laetabunda,

336 1812 443 1841 nostra
467 1812 502 1840 tu
527 1807 721 1847 gemebunda

291 1856 381 1887 Tolle
401 1858 433 1885 et.
456 1855 601 1892 absterge

340 1911 378 1934 ac
400 1902 527 1932 vincula
551 1904 660 1932 nostra
684 1900 765 1937 dele,

292 1949 337 1981 Ut
359 1947 451 1980 libem·
476 1957 495 1979 a
515 1946 655 1986 peccatis

340 2003 436 2034 regno
460 1994 613 2026 sociemur
639 1992 800 2034 claritatis,

223 2044 263 2076 V.
293 2042 359 2075 Ubi
383 2037 495 2085 [nunc]
521 2040 647 2080 gaudes,

232 1766 262 1797 91>

342 2097 410 2119 cum
428 2095 542 2127 sponso
557 2086 681 2127 organis
694 2084 838 2126 plaudes.

383 2182 428 2214 In
453 2180 682 2212 Laudibus,

437 2243 630 2278 Antiphouae‘

241 2295 275 2326 1.
301 2293 449 2325 Ursulam
475 2293 588 2324 decore

344 2339 448 2372 induit
470 2339 622 2370 Dominus
649 2341 681 2368 et
704 2337 831 2376 honore,

939 204 1092 244 Sponsam
1118 202 1191 233 dum
1218 201 1307 240 pavit

988 249 1052 281 fide
1077 249 1210 281 cinctam
1237 250 1268 278 et
1292 246 1427 279 ornavit.

884 309 916 341 2.
942 308 979 339 In
1005 305 1126 337 laetitia
1150 304 1285 336 Domino

989 361 1095 384 omnes
1120 350 1230 383 fideles
1255 348 1381 388 servite,

943 400 1038 433 Cuius
1064 402 1235 437 conspectu

990 446 1098 478 dicunt
1122 453 1245 476 omnes:
1270 441 1410 474 iub1late.

886 504 917 537 3.
939 502 993 534 Ad
1017 501 1184 533 Dominum
1210 500 1321 538 vigiles

991 549 1095 579 cuncti
1120 547 1293 579 convertite
1317 546 1449 585 mentes,

944 595 1094 628 Ursulam
1120 594 1246 633 vigilem

990 650 1067 672 voce
1093 640 1197 672 cordis
1221 639 1438 678 implorantes,

887 700 920 732 4.
946 697 1059 731 Omnia
1081 705 1179 735 opera

995 743 1126 775 Domino
1151 746 1226 773 tunc
1250 740 1493 778 benedixerunt,

945 791 1107 830 Virginum
1133 790 1262 828 spiritus

995 837 1073 868 caeli
1100 836 1172 867 dum
1199 835 1414 874 susceperunt.

889 897 920 927 5.
947 894 1048 925 Deum
1072 893 1105 924 in
1132 892 1227 922 caelis

991 939 1102 970 laudet
1124 947 1212 969 mens
1235 936 1352 976 fidelis,

952 985 1094 1019 Christus
1119 985 1193 1023 quia
1213 983 1363 1015 Ursulam

995 1041 1082 1063 suam
1109 1030 1271 1062 coronavit
1294 1038 1452 1069 sponsam.

1060 1131 1105 1159 Ad
1129 1131 1314 1159 Benedictus.

877 1202 917 1233 A.
947 1200 1074 1238 Ursum,
1099 1198 1208 1229 lucens
1233 1197 1329 1236 salus,

995 1247 1180 1277 miserorum
1206 1254 1223 1276 a
1244 1243 1371 1274 turbine
1388 1240 1497 1273 mundi

948 1292 1067 1324 Libera
1090 1299 1197 1323 servos

996 1341 1130 1377 tuorum,
1156 1339 1224 1369 oleo
1251 1335 1346 1367 effuso

953 1386 1098 1424 Sequeris
1125 1384 1220 1424 digne

1001 1440 1149 1471 sponsum
1205 1429 1378 1469 virginibus

1279 1476 1389 1513 sacris,

958 1525 1164 1557 contemnens
1190 1523 1340 1553 mundum
1365 1522 1471 1560 istum,

959 1570 1059 1603 Nobis
1084 1568 1268 1602 miserrimis

1005 1617 1038 1648 in
1062 1616 1146 1648 valle
1170 1615 1372 1647 lacrimarum

961 1663 1048 1696 Fove
1069 1662 1218 1703 precibus

1008 1718 1198 1748 numeroque
1223 1709 1419 1740 ancillarum.

1433 1436 1503 1459 cum

1033 1849 1078 1880 In
1101 1851 1132 1883 2.
1158 1850 1372 1888 Vesperis.

1104 1932 1212 1967 Antiph
1218 1940 1299 1959 onae.

908 2000 939 2033 1.
966 1999 1084 2033 Ursula
1106 2000 1138 2030 in
1165 2001 1344 2029 sanctorum

1015 2046 1118 2076 locata
1143 2045 1313 2083 splendore
1336 2047 1492 2078 iustorum

968 2093 1046 2126 Cum
1070 2091 1135 2123 suis
1159 2091 1300 2131 plaudet,

1015 2139 1197 2179 angelorum
1221 2138 1316 2169 choro
1342 2139 1469 2179 gaudet.

912 2198 943 2230 2.
971 2194 1140 2228 Generatio
1165 2199 1323 2225 rectorum

1016 2241 1231 2281 benedicetur,
1240 2240 1375 2280 Christe,
1383 2247 1520 2284 tuorum,

970 2289 1120 2323 Ursulam
1144 2292 1231 2320 recto
1257 2289 1354 2322 eorde

1018 2335 1139 2375 reperis
1164 2335 1311 2375 quoniam
1331 2337 1399 2369 sine
1416 2338 1520 2373 sorde.
