<?xml version="1.0" encoding="UTF-8"?>
<!DOCTYPE html PUBLIC "-//W3C//DTD XHTML 1.0 Transitional//EN"
    "http://www.w3.org/TR/xhtml1/DTD/xhtml1-transitional.dtd">
<html xmlns="http://www.w3.org/1999/xhtml" xml:lang="en" lang="en">
 <head>
  <title>
</title>
<meta http-equiv="Content-Type" content="text/html;charset=utf-8" />
  <meta name='ocr-system' content='tesseract 3.04.00' />
  <meta name='ocr-capabilities' content='ocr_page ocr_carea ocr_par ocr_line ocrx_word'/>
</head>
<body>
  <div class='ocr_page' id='page_1' title='image "./analectahymnica28drevuoft_00083.png"; bbox 0 0 1655 2534; ppageno 0'>
   <div class='ocr_carea' id='block_1_1' title="bbox 644 210 1065 251">
    <p class='ocr_par' dir='ltr' id='par_1_1' title="bbox 644 210 1065 251">
     <span class='ocr_line' id='line_1_1' title="bbox 644 210 1065 251; baseline -0.029 0"><span class='ocrx_word' id='word_1_1' title='bbox 644 218 691 251; x_wconf 81' lang='lat'>28.</span> <span class='ocrx_word' id='word_1_2' title='bbox 722 217 765 248; x_wconf 85' lang='lat' dir='ltr'>De</span> <span class='ocrx_word' id='word_1_3' title='bbox 784 215 892 246; x_wconf 81' lang='lat' dir='ltr'>sancto</span> <span class='ocrx_word' id='word_1_4' title='bbox 911 210 1065 242; x_wconf 76' lang='lat' dir='ltr'>Morando.</span> 
     </span>
    </p>
   </div>
   <div class='ocr_carea' id='block_1_2' title="bbox 349 297 702 340">
    <p class='ocr_par' dir='ltr' id='par_1_2' title="bbox 349 297 702 340">
     <span class='ocr_line' id='line_1_2' title="bbox 349 297 702 340; baseline -0.02 -5"><span class='ocrx_word' id='word_1_5' title='bbox 349 304 396 335; x_wconf 81' lang='lat'>111</span> <span class='ocrx_word' id='word_1_6' title='bbox 421 303 451 334; x_wconf 82' lang='lat'>1.</span> <span class='ocrx_word' id='word_1_7' title='bbox 478 297 702 340; x_wconf 55' lang='lat' dir='ltr'>Vesperi&amp;</span> 
     </span>
    </p>
   </div>
   <div class='ocr_carea' id='block_1_3' title="bbox 430 383 622 418">
    <p class='ocr_par' dir='ltr' id='par_1_3' title="bbox 430 383 622 418">
     <span class='ocr_line' id='line_1_3' title="bbox 430 383 622 418; baseline -0.026 -6"><span class='ocrx_word' id='word_1_8' title='bbox 430 383 537 418; x_wconf 82' lang='lat' dir='ltr'>Antiph</span> <span class='ocrx_word' id='word_1_9' title='bbox 541 389 622 410; x_wconf 79' lang='lat' dir='ltr'>onae.</span> 
     </span>
    </p>
   </div>
   <div class='ocr_carea' id='block_1_4' title="bbox 232 445 749 625">
    <p class='ocr_par' dir='ltr' id='par_1_4' title="bbox 232 445 749 625">
     <span class='ocr_line' id='line_1_4' title="bbox 232 445 720 486; baseline -0.023 0"><span class='ocrx_word' id='word_1_10' title='bbox 232 453 263 486; x_wconf 85' lang='lat'>1.</span> <span class='ocrx_word' id='word_1_11' title='bbox 288 452 341 484; x_wconf 86' lang='lat' dir='ltr'>Ad</span> <span class='ocrx_word' id='word_1_12' title='bbox 364 449 523 486; x_wconf 67' lang='lat' dir='ltr'>Morandi,</span> <span class='ocrx_word' id='word_1_13' title='bbox 548 445 720 481; x_wconf 85' lang='lat' dir='ltr'>venerandi</span> 
     </span>
     <span class='ocr_line' id='line_1_5' title="bbox 292 492 692 538; baseline -0.018 -8"><span class='ocrx_word' id='word_1_14' title='bbox 292 498 367 538; x_wconf 87' lang='lat' dir='ltr'>Viri,</span> <span class='ocrx_word' id='word_1_15' title='bbox 393 497 475 529; x_wconf 83' lang='lat' dir='ltr'>festa</span> <span class='ocrx_word' id='word_1_16' title='bbox 499 498 531 526; x_wconf 90' lang='lat' dir='ltr'>et</span> <span class='ocrx_word' id='word_1_17' title='bbox 554 492 692 527; x_wconf 81' lang='lat' dir='ltr'>Amandi</span> 
     </span>
     <span class='ocr_line' id='line_1_6' title="bbox 288 541 688 578; baseline -0.023 0"><span class='ocrx_word' id='word_1_18' title='bbox 288 545 384 578; x_wconf 81' lang='lat' dir='ltr'>Plebs</span> <span class='ocrx_word' id='word_1_19' title='bbox 406 544 439 577; x_wconf 79' lang='lat' dir='ltr'>in</span> <span class='ocrx_word' id='word_1_20' title='bbox 465 542 597 574; x_wconf 82' lang='lat' dir='ltr'>caritate</span> <span class='ocrx_word' id='word_1_21' title='bbox 619 541 688 571; x_wconf 74' lang='lat' dir='ltr'>tota</span> 
     </span>
     <span class='ocr_line' id='line_1_7' title="bbox 289 587 749 625; baseline -0.022 -1"><span class='ocrx_word' id='word_1_22' title='bbox 289 591 417 624; x_wconf 80' lang='lat' dir='ltr'>Reddat</span> <span class='ocrx_word' id='word_1_23' title='bbox 441 588 565 622; x_wconf 84' lang='lat' dir='ltr'>Christo</span> <span class='ocrx_word' id='word_1_24' title='bbox 589 587 644 625; x_wconf 83' lang='lat' dir='ltr'>pia</span> <span class='ocrx_word' id='word_1_25' title='bbox 667 587 749 617; x_wconf 79' lang='lat' dir='ltr'>vota.</span> 
     </span>
    </p>
   </div>
   <div class='ocr_carea' id='block_1_5' title="bbox 232 651 721 833">
    <p class='ocr_par' dir='ltr' id='par_1_5' title="bbox 232 651 721 833">
     <span class='ocr_line' id='line_1_8' title="bbox 232 651 675 690; baseline -0.023 0"><span class='ocrx_word' id='word_1_26' title='bbox 232 659 262 690; x_wconf 82' lang='lat'>2.</span> <span class='ocrx_word' id='word_1_27' title='bbox 288 657 384 688; x_wconf 84' lang='lat' dir='ltr'>Flore</span> <span class='ocrx_word' id='word_1_28' title='bbox 407 662 483 686; x_wconf 85' lang='lat' dir='ltr'>suae</span> <span class='ocrx_word' id='word_1_29' title='bbox 505 651 675 683; x_wconf 88' lang='lat' dir='ltr'>iuventutis</span> 
     </span>
     <span class='ocr_line' id='line_1_9' title="bbox 287 697 666 735; baseline -0.021 0"><span class='ocrx_word' id='word_1_30' title='bbox 287 702 469 735; x_wconf 80' lang='lat' dir='ltr'>Castitatcm</span> <span class='ocrx_word' id='word_1_31' title='bbox 494 697 666 735; x_wconf 69' lang='lat' dir='ltr'>adamavit,</span> 
     </span>
     <span class='ocr_line' id='line_1_10' title="bbox 288 742 719 787; baseline -0.021 -6"><span class='ocrx_word' id='word_1_32' title='bbox 288 750 337 781; x_wconf 87' lang='lat' dir='ltr'>De</span> <span class='ocrx_word' id='word_1_33' title='bbox 358 757 417 787; x_wconf 90' lang='lat' dir='ltr'>quo</span> <span class='ocrx_word' id='word_1_34' title='bbox 442 745 583 778; x_wconf 77' lang='lat' dir='ltr'><strong>bravium</strong></span> <span class='ocrx_word' id='word_1_35' title='bbox 610 742 719 775; x_wconf 84' lang='lat' dir='ltr'>salutis</span> 
     </span>
     <span class='ocr_line' id='line_1_11' title="bbox 289 790 721 833; baseline -0.014 -6"><span class='ocrx_word' id='word_1_36' title='bbox 289 796 362 827; x_wconf 79' lang='lat' dir='ltr'>Non</span> <span class='ocrx_word' id='word_1_37' title='bbox 384 793 514 833; x_wconf 81' lang='lat' dir='ltr'>indigne</span> <span class='ocrx_word' id='word_1_38' title='bbox 536 790 721 831; x_wconf 72' lang='lat' dir='ltr'>reportavit.</span> 
     </span>
    </p>
   </div>
   <div class='ocr_carea' id='block_1_6' title="bbox 233 855 763 1032">
    <p class='ocr_par' dir='ltr' id='par_1_6' title="bbox 233 855 763 1032">
     <span class='ocr_line' id='line_1_12' title="bbox 233 855 757 897; baseline -0.019 -2"><span class='ocrx_word' id='word_1_39' title='bbox 233 864 263 895; x_wconf 84' lang='lat'>3.</span> <span class='ocrx_word' id='word_1_40' title='bbox 288 861 356 892; x_wconf 91' lang='lat' dir='ltr'>Deo</span> <span class='ocrx_word' id='word_1_41' title='bbox 381 859 512 891; x_wconf 88' lang='lat' dir='ltr'>multum</span> <span class='ocrx_word' id='word_1_42' title='bbox 536 855 757 897; x_wconf 86' lang='lat' dir='ltr'>peramandus,</span> 
     </span>
     <span class='ocr_line' id='line_1_13' title="bbox 289 902 718 946; baseline -0.016 -7"><span class='ocrx_word' id='word_1_43' title='bbox 289 908 380 946; x_wconf 85' lang='lat' dir='ltr'>Hugo</span> <span class='ocrx_word' id='word_1_44' title='bbox 405 908 496 946; x_wconf 83' lang='lat' dir='ltr'>pater</span> <span class='ocrx_word' id='word_1_45' title='bbox 522 902 718 935; x_wconf 87' lang='lat' dir='ltr'>venerandus</span> 
     </span>
     <span class='ocr_line' id='line_1_14' title="bbox 289 949 763 991; baseline -0.017 -5"><span class='ocrx_word' id='word_1_46' title='bbox 289 955 381 986; x_wconf 87' lang='lat' dir='ltr'>Hunc</span> <span class='ocrx_word' id='word_1_47' title='bbox 404 951 543 991; x_wconf 79' lang='lat' dir='ltr'><strong>suscepit</strong></span> <span class='ocrx_word' id='word_1_48' title='bbox 568 949 763 981; x_wconf 84' lang='lat' dir='ltr'>educandum</span> 
     </span>
     <span class='ocr_line' id='line_1_15' title="bbox 292 995 760 1032; baseline -0.011 0"><span class='ocrx_word' id='word_1_49' title='bbox 292 1000 435 1032; x_wconf 87' lang='lat' dir='ltr'>Moribus</span> <span class='ocrx_word' id='word_1_50' title='bbox 458 1001 490 1029; x_wconf 90' lang='lat' dir='ltr'>et</span> <span class='ocrx_word' id='word_1_51' title='bbox 514 995 760 1028; x_wconf 78' lang='lat' dir='ltr'>informandum.</span> 
     </span>
    </p>
   </div>
   <div class='ocr_carea' id='block_1_7' title="bbox 232 1062 784 1242">
    <p class='ocr_par' dir='ltr' id='par_1_7' title="bbox 232 1062 784 1242">
     <span class='ocr_line' id='line_1_16' title="bbox 232 1062 683 1103; baseline -0.018 -5"><span class='ocrx_word' id='word_1_52' title='bbox 232 1068 265 1098; x_wconf 75' lang='lat'>4.</span> <span class='ocrx_word' id='word_1_53' title='bbox 292 1064 348 1097; x_wconf 86' lang='lat' dir='ltr'>Gui</span> <span class='ocrx_word' id='word_1_54' title='bbox 372 1072 469 1103; x_wconf 88' lang='lat' dir='ltr'>purus</span> <span class='ocrx_word' id='word_1_55' title='bbox 497 1062 683 1094; x_wconf 77' lang='lat' dir='ltr'>adulescens</span> 
     </span>
     <span class='ocr_line' id='line_1_17' title="bbox 289 1111 784 1148; baseline -0.012 -6"><span class='ocrx_word' id='word_1_56' title='bbox 289 1111 325 1143; x_wconf 90' lang='lat' dir='ltr'>In</span> <span class='ocrx_word' id='word_1_57' title='bbox 350 1111 465 1141; x_wconf 65' lang='lat' dir='ltr'>virtute</span> <span class='ocrx_word' id='word_1_58' title='bbox 490 1116 615 1148; x_wconf 80' lang='lat' dir='ltr'>semper</span> <span class='ocrx_word' id='word_1_59' title='bbox 640 1114 784 1138; x_wconf 81' lang='lat' dir='ltr'>crescens</span> 
     </span>
     <span class='ocr_line' id='line_1_18' title="bbox 289 1154 646 1189; baseline -0.014 0"><span class='ocrx_word' id='word_1_60' title='bbox 289 1157 434 1189; x_wconf 87' lang='lat' dir='ltr'>Dulciter</span> <span class='ocrx_word' id='word_1_61' title='bbox 458 1154 646 1187; x_wconf 76' lang='lat' dir='ltr'>oboediebat</span> 
     </span>
     <span class='ocr_line' id='line_1_19' title="bbox 291 1200 677 1242; baseline -0.01 -7"><span class='ocrx_word' id='word_1_62' title='bbox 291 1205 394 1242; x_wconf 80' lang='lat' dir='ltr'>Atque</span> <span class='ocrx_word' id='word_1_63' title='bbox 417 1202 485 1235; x_wconf 91' lang='lat' dir='ltr'>Deo</span> <span class='ocrx_word' id='word_1_64' title='bbox 510 1200 677 1233; x_wconf 84' lang='lat' dir='ltr'>serviebat.</span> 
     </span>
    </p>
   </div>
   <div class='ocr_carea' id='block_1_8' title="bbox 234 1264 745 1448">
    <p class='ocr_par' dir='ltr' id='par_1_8' title="bbox 234 1264 745 1448">
     <span class='ocr_line' id='line_1_20' title="bbox 234 1264 694 1308; baseline -0.013 -6"><span class='ocrx_word' id='word_1_65' title='bbox 234 1273 263 1302; x_wconf 87' lang='grc'>5.</span> <span class='ocrx_word' id='word_1_66' title='bbox 290 1269 455 1308; x_wconf 85' lang='lat' dir='ltr'>Regularis</span> <span class='ocrx_word' id='word_1_67' title='bbox 480 1278 497 1300; x_wconf 90' lang='lat' dir='ltr'>o</span> <span class='ocrx_word' id='word_1_68' title='bbox 523 1264 694 1306; x_wconf 84' lang='lat' dir='ltr'>professor,</span> 
     </span>
     <span class='ocr_line' id='line_1_21' title="bbox 291 1314 745 1355; baseline -0.013 -7"><span class='ocrx_word' id='word_1_69' title='bbox 291 1316 341 1348; x_wconf 83' lang='lat' dir='ltr'>Sis</span> <span class='ocrx_word' id='word_1_70' title='bbox 360 1325 418 1355; x_wconf 90' lang='lat' dir='ltr'>pro</span> <span class='ocrx_word' id='word_1_71' title='bbox 442 1314 532 1346; x_wconf 89' lang='lat' dir='ltr'>nobis</span> <span class='ocrx_word' id='word_1_72' title='bbox 555 1314 745 1344; x_wconf 87' lang='lat' dir='ltr'>intercessor</span> 
     </span>
     <span class='ocr_line' id='line_1_22' title="bbox 290 1358 738 1402; baseline -0.016 -7"><span class='ocrx_word' id='word_1_73' title='bbox 290 1363 387 1402; x_wconf 84' lang='lat' dir='ltr'>Apud</span> <span class='ocrx_word' id='word_1_74' title='bbox 411 1362 581 1394; x_wconf 78' lang='lat' dir='ltr'>bonitatem</span> <span class='ocrx_word' id='word_1_75' title='bbox 613 1358 738 1401; x_wconf 81' lang='lat' dir='ltr'>Christi,</span> 
     </span>
     <span class='ocr_line' id='line_1_23' title="bbox 293 1405 719 1448; baseline -0.014 -7"><span class='ocrx_word' id='word_1_76' title='bbox 293 1409 385 1441; x_wconf 84' lang='lat' dir='ltr'>Cuius</span> <span class='ocrx_word' id='word_1_77' title='bbox 409 1410 514 1448; x_wconf 83' lang='lat' dir='ltr'>iugum</span> <span class='ocrx_word' id='word_1_78' title='bbox 538 1410 572 1437; x_wconf 90' lang='lat' dir='ltr'>tu</span> <span class='ocrx_word' id='word_1_79' title='bbox 597 1405 719 1436; x_wconf 86' lang='lat' dir='ltr'>subisti.</span> 
     </span>
    </p>
   </div>
   <div class='ocr_carea' id='block_1_9' title="bbox 410 1498 651 1533">
    <p class='ocr_par' dir='ltr' id='par_1_9' title="bbox 410 1498 651 1533">
     <span class='ocr_line' id='line_1_24' title="bbox 410 1498 651 1533; baseline -0.017 -6"><span class='ocrx_word' id='word_1_80' title='bbox 410 1499 456 1527; x_wconf 77' lang='lat' dir='ltr'>Ad</span> <span class='ocrx_word' id='word_1_81' title='bbox 474 1498 651 1533; x_wconf 75' lang='lat' dir='ltr'>Mag-nificat.</span> 
     </span>
    </p>
   </div>
   <div class='ocr_carea' id='block_1_10' title="bbox 226 1563 804 1923">
    <p class='ocr_par' dir='ltr' id='par_1_10' title="bbox 226 1563 804 1923">
     <span class='ocr_line' id='line_1_25' title="bbox 226 1563 629 1604; baseline -0.012 -5"><span class='ocrx_word' id='word_1_82' title='bbox 226 1570 263 1601; x_wconf 83' lang='lat' dir='ltr'>A.</span> <span class='ocrx_word' id='word_1_83' title='bbox 295 1567 320 1599; x_wconf 95' lang='grc' dir='ltr'>Ο</span> <span class='ocrx_word' id='word_1_84' title='bbox 345 1565 414 1597; x_wconf 88' lang='lat' dir='ltr'>fons</span> <span class='ocrx_word' id='word_1_85' title='bbox 437 1563 629 1604; x_wconf 85' lang='lat' dir='ltr'>indeficiens,</span> 
     </span>
     <span class='ocr_line' id='line_1_26' title="bbox 339 1610 699 1650; baseline -0.011 -6"><span class='ocrx_word' id='word_1_86' title='bbox 339 1613 411 1645; x_wconf 78' lang='lat' dir='ltr'>lesu</span> <span class='ocrx_word' id='word_1_87' title='bbox 436 1611 517 1642; x_wconf 90' lang='lat' dir='ltr'>bone</span> <span class='ocrx_word' id='word_1_88' title='bbox 540 1610 699 1650; x_wconf 83' lang='lat' dir='ltr'>salutaris,</span> 
     </span>
     <span class='ocr_line' id='line_1_27' title="bbox 294 1657 573 1691; baseline -0.011 0"><span class='ocrx_word' id='word_1_89' title='bbox 294 1659 408 1691; x_wconf 80' lang='lat' dir='ltr'>Hostia</span> <span class='ocrx_word' id='word_1_90' title='bbox 430 1657 573 1689; x_wconf 89' lang='lat' dir='ltr'>reficiens</span> 
     </span>
     <span class='ocr_line' id='line_1_28' title="bbox 342 1702 749 1744; baseline -0.012 -7"><span class='ocrx_word' id='word_1_91' title='bbox 342 1705 381 1737; x_wconf 84' lang='lat' dir='ltr'>In</span> <span class='ocrx_word' id='word_1_92' title='bbox 404 1713 503 1744; x_wconf 79' lang='lat' dir='ltr'>agone</span> <span class='ocrx_word' id='word_1_93' title='bbox 526 1702 749 1742; x_wconf 79' lang='lat' dir='ltr'>comprobaris,</span> 
     </span>
     <span class='ocr_line' id='line_1_29' title="bbox 293 1749 693 1790; baseline -0.013 -6"><span class='ocrx_word' id='word_1_94' title='bbox 293 1751 440 1784; x_wconf 82' lang='lat' dir='ltr'>Morandi</span> <span class='ocrx_word' id='word_1_95' title='bbox 466 1759 523 1790; x_wconf 91' lang='lat' dir='ltr'>per</span> <span class='ocrx_word' id='word_1_96' title='bbox 546 1749 693 1788; x_wconf 85' lang='lat' dir='ltr'>suffragia</span> 
     </span>
     <span class='ocr_line' id='line_1_30' title="bbox 296 1795 707 1836; baseline -0.012 -6"><span class='ocrx_word' id='word_1_97' title='bbox 296 1798 410 1830; x_wconf 81' lang='lat' dir='ltr'>Mundi</span> <span class='ocrx_word' id='word_1_98' title='bbox 433 1798 512 1828; x_wconf 80' lang='lat' dir='ltr'>seda</span> <span class='ocrx_word' id='word_1_99' title='bbox 532 1795 707 1836; x_wconf 75' lang='lat' dir='ltr'>naufragia,</span> 
     </span>
     <span class='ocr_line' id='line_1_31' title="bbox 342 1841 804 1877; baseline -0.011 -1"><span class='ocrx_word' id='word_1_100' title='bbox 342 1844 467 1877; x_wconf 84' lang='lat' dir='ltr'>Mentes</span> <span class='ocrx_word' id='word_1_101' title='bbox 491 1846 615 1875; x_wconf 84' lang='lat' dir='ltr'>nostras</span> <span class='ocrx_word' id='word_1_102' title='bbox 639 1841 804 1873; x_wconf 81' lang='lat' dir='ltr'>instabiles</span> 
     </span>
     <span class='ocr_line' id='line_1_32' title="bbox 342 1888 784 1923; baseline -0.007 0"><span class='ocrx_word' id='word_1_103' title='bbox 342 1891 410 1923; x_wconf 81' lang='lat' dir='ltr'>Fac</span> <span class='ocrx_word' id='word_1_104' title='bbox 434 1890 474 1921; x_wconf 86' lang='lat' dir='ltr'>ad</span> <span class='ocrx_word' id='word_1_105' title='bbox 498 1890 630 1922; x_wconf 80' lang='lat' dir='ltr'>virtutes</span> <span class='ocrx_word' id='word_1_106' title='bbox 654 1888 784 1920; x_wconf 68' lang='lat' dir='ltr'>habiles</span> 
     </span>
    </p>
   </div>
   <div class='ocr_carea' id='block_1_11' title="bbox 360 2049 702 2082">
    <p class='ocr_par' dir='ltr' id='par_1_11' title="bbox 360 2049 702 2082">
     <span class='ocr_line' id='line_1_33' title="bbox 360 2049 702 2082; baseline -0.006 0"><span class='ocrx_word' id='word_1_107' title='bbox 360 2051 391 2082; x_wconf 79' lang='lat' dir='ltr'>A</span> <span class='ocrx_word' id='word_1_108' title='bbox 402 2050 421 2082; x_wconf 93' lang='lat' dir='ltr'>d</span> <span class='ocrx_word' id='word_1_109' title='bbox 444 2049 702 2081; x_wconf 79' lang='lat' dir='ltr'>Matutinum.</span> 
     </span>
    </p>
   </div>
   <div class='ocr_carea' id='block_1_12' title="bbox 428 2133 642 2161">
    <p class='ocr_par' dir='ltr' id='par_1_12' title="bbox 428 2133 642 2161">
     <span class='ocr_line' id='line_1_34' title="bbox 428 2133 642 2161; baseline -0.014 -1"><span class='ocrx_word' id='word_1_110' title='bbox 428 2133 642 2161; x_wconf 80' lang='lat' dir='ltr'>Invitatorium.</span> 
     </span>
    </p>
   </div>
   <div class='ocr_carea' id='block_1_13' title="bbox 300 2198 616 2238">
    <p class='ocr_par' dir='ltr' id='par_1_13' title="bbox 300 2198 616 2238">
     <span class='ocr_line' id='line_1_35' title="bbox 300 2198 616 2238; baseline -0.003 -8"><span class='ocrx_word' id='word_1_111' title='bbox 300 2198 425 2238; x_wconf 85' lang='lat' dir='ltr'>Surgite</span> <span class='ocrx_word' id='word_1_112' title='bbox 453 2199 616 2237; x_wconf 80' lang='lat' dir='ltr'>laetantes,</span> 
     </span>
    </p>
   </div>
   <div class='ocr_carea' id='block_1_14' title="bbox 349 2244 841 2285">
    <p class='ocr_par' dir='ltr' id='par_1_14' title="bbox 349 2244 841 2285">
     <span class='ocr_line' id='line_1_36' title="bbox 349 2244 841 2285; baseline -0.002 -9"><span class='ocrx_word' id='word_1_113' title='bbox 349 2244 506 2277; x_wconf 83' lang='lat' dir='ltr'>Christum</span> <span class='ocrx_word' id='word_1_114' title='bbox 523 2254 627 2285; x_wconf 88' lang='lat' dir='ltr'>regem</span> <span class='ocrx_word' id='word_1_115' title='bbox 644 2248 841 2280; x_wconf 77' lang='lat' dir='ltr'>venerantes,</span> 
     </span>
    </p>
   </div>
   <div class='ocr_carea' id='block_1_15' title="bbox 300 2291 808 2371">
    <p class='ocr_par' dir='ltr' id='par_1_15' title="bbox 300 2291 808 2371">
     <span class='ocr_line' id='line_1_37' title="bbox 300 2291 617 2325; baseline -0.009 0"><span class='ocrx_word' id='word_1_116' title='bbox 300 2291 416 2325; x_wconf 79' lang='lat' dir='ltr'>Inclita</span> <span class='ocrx_word' id='word_1_117' title='bbox 438 2295 617 2324; x_wconf 73' lang='lat' dir='ltr'>sanctorum</span> 
     </span>
     <span class='ocr_line' id='line_1_38' title="bbox 348 2338 808 2371; baseline 0.004 -2"><span class='ocrx_word' id='word_1_118' title='bbox 348 2339 542 2371; x_wconf 83' lang='lat' dir='ltr'>celebrantes</span> <span class='ocrx_word' id='word_1_119' title='bbox 567 2338 648 2371; x_wconf 84' lang='lat' dir='ltr'>festa</span> <span class='ocrx_word' id='word_1_120' title='bbox 672 2347 808 2371; x_wconf 89' lang='lat' dir='ltr'>suorum.</span> 
     </span>
    </p>
   </div>
   <div class='ocr_carea' id='block_1_16' title="bbox 1016 287 1380 321">
    <p class='ocr_par' dir='ltr' id='par_1_16' title="bbox 1016 287 1380 321">
     <span class='ocr_line' id='line_1_39' title="bbox 1016 287 1380 321; baseline -0.016 0"><span class='ocrx_word' id='word_1_121' title='bbox 1016 289 1062 321; x_wconf 84' lang='lat' dir='ltr'>In</span> <span class='ocrx_word' id='word_1_122' title='bbox 1090 289 1122 321; x_wconf 84' lang='lat'>1.</span> <span class='ocrx_word' id='word_1_123' title='bbox 1148 287 1380 320; x_wconf 79' lang='lat' dir='ltr'>Nocturno.</span> 
     </span>
    </p>
   </div>
   <div class='ocr_carea' id='block_1_17' title="bbox 1095 361 1295 396">
    <p class='ocr_par' dir='ltr' id='par_1_17' title="bbox 1095 361 1295 396">
     <span class='ocr_line' id='line_1_40' title="bbox 1095 361 1295 396; baseline -0.01 -8"><span class='ocrx_word' id='word_1_124' title='bbox 1095 361 1295 396; x_wconf 85' lang='lat' dir='ltr'>Antiphonae.</span> 
     </span>
    </p>
   </div>
   <div class='ocr_carea' id='block_1_18' title="bbox 902 418 1455 590">
    <p class='ocr_par' dir='ltr' id='par_1_18' title="bbox 902 418 1455 590">
     <span class='ocr_line' id='line_1_41' title="bbox 902 418 1368 457; baseline -0.013 -4"><span class='ocrx_word' id='word_1_125' title='bbox 902 420 934 453; x_wconf 94' lang='lat'>1.</span> <span class='ocrx_word' id='word_1_126' title='bbox 959 420 1005 453; x_wconf 88' lang='lat' dir='ltr'>Ut</span> <span class='ocrx_word' id='word_1_127' title='bbox 1028 418 1122 450; x_wconf 90' lang='lat' dir='ltr'>tellus</span> <span class='ocrx_word' id='word_1_128' title='bbox 1149 418 1368 457; x_wconf 84' lang='lat' dir='ltr'>depicturatur</span> 
     </span>
     <span class='ocr_line' id='line_1_42' title="bbox 1006 462 1438 499; baseline -0.009 -2"><span class='ocrx_word' id='word_1_129' title='bbox 1006 466 1044 497; x_wconf 83' lang='lat' dir='ltr'>In</span> <span class='ocrx_word' id='word_1_130' title='bbox 1067 473 1144 496; x_wconf 83' lang='lat' dir='ltr'>vere</span> <span class='ocrx_word' id='word_1_131' title='bbox 1166 464 1273 496; x_wconf 84' lang='lat' dir='ltr'>vernis</span> <span class='ocrx_word' id='word_1_132' title='bbox 1295 462 1438 499; x_wconf 53' lang='lat' dir='ltr'>floribus</span> 
     </span>
     <span class='ocr_line' id='line_1_43' title="bbox 960 511 1441 544; baseline -0.008 -1"><span class='ocrx_word' id='word_1_133' title='bbox 960 512 1013 544; x_wconf 88' lang='lat' dir='ltr'>Sic</span> <span class='ocrx_word' id='word_1_134' title='bbox 1038 512 1089 543; x_wconf 84' lang='lat' dir='ltr'>hic</span> <span class='ocrx_word' id='word_1_135' title='bbox 1113 512 1247 543; x_wconf 86' lang='lat' dir='ltr'>mundus</span> <span class='ocrx_word' id='word_1_136' title='bbox 1272 511 1441 542; x_wconf 86' lang='lat' dir='ltr'>decoratur</span> 
     </span>
     <span class='ocr_line' id='line_1_44' title="bbox 1005 556 1455 590; baseline -0.002 0"><span class='ocrx_word' id='word_1_137' title='bbox 1005 558 1156 590; x_wconf 84' lang='lat' dir='ltr'>Morandi</span> <span class='ocrx_word' id='word_1_138' title='bbox 1182 557 1275 589; x_wconf 85' lang='lat' dir='ltr'>claris</span> <span class='ocrx_word' id='word_1_139' title='bbox 1299 556 1455 589; x_wconf 85' lang='lat' dir='ltr'>moribuS.</span> 
     </span>
    </p>
   </div>
   <div class='ocr_carea' id='block_1_19' title="bbox 902 613 1477 793">
    <p class='ocr_par' dir='ltr' id='par_1_19' title="bbox 902 613 1477 793">
     <span class='ocr_line' id='line_1_45' title="bbox 902 613 1403 654; baseline -0.008 -7"><span class='ocrx_word' id='word_1_140' title='bbox 902 616 933 647; x_wconf 82' lang='lat'>2.</span> <span class='ocrx_word' id='word_1_141' title='bbox 959 614 1010 647; x_wconf 85' lang='lat' dir='ltr'>Ex</span> <span class='ocrx_word' id='word_1_142' title='bbox 1034 614 1152 645; x_wconf 83' lang='lat' dir='ltr'>illustri</span> <span class='ocrx_word' id='word_1_143' title='bbox 1177 614 1279 654; x_wconf 79' lang='lat' dir='ltr'>stirpe</span> <span class='ocrx_word' id='word_1_144' title='bbox 1303 613 1403 644; x_wconf 78' lang='lat' dir='ltr'>traxit</span> 
     </span>
     <span class='ocr_line' id='line_1_46' title="bbox 1005 660 1372 699; baseline -0.005 -7"><span class='ocrx_word' id='word_1_145' title='bbox 1005 660 1180 692; x_wconf 83' lang='lat' dir='ltr'>Morandus</span> <span class='ocrx_word' id='word_1_146' title='bbox 1208 660 1372 699; x_wconf 85' lang='lat' dir='ltr'>originem,</span> 
     </span>
     <span class='ocr_line' id='line_1_47' title="bbox 960 706 1477 739; baseline -0.002 -1"><span class='ocrx_word' id='word_1_147' title='bbox 960 708 1089 739; x_wconf 78' lang='lat' dir='ltr'>Nullam</span> <span class='ocrx_word' id='word_1_148' title='bbox 1113 710 1218 739; x_wconf 77' lang='lat' dir='ltr'>tamen</span> <span class='ocrx_word' id='word_1_149' title='bbox 1242 706 1296 737; x_wconf 85' lang='lat' dir='ltr'>hic</span> <span class='ocrx_word' id='word_1_150' title='bbox 1317 706 1477 738; x_wconf 78' lang='lat' dir='ltr'>contraxit</span> 
     </span>
     <span class='ocr_line' id='line_1_48' title="bbox 1008 753 1345 793; baseline -0.009 -7"><span class='ocrx_word' id='word_1_151' title='bbox 1008 754 1135 786; x_wconf 87' lang='lat' dir='ltr'>Peccati</span> <span class='ocrx_word' id='word_1_152' title='bbox 1159 753 1345 793; x_wconf 83' lang='lat' dir='ltr'>rubiginem.</span> 
     </span>
    </p>
   </div>
   <div class='ocr_carea' id='block_1_20' title="bbox 904 808 1384 988">
    <p class='ocr_par' dir='ltr' id='par_1_20' title="bbox 904 808 1384 988">
     <span class='ocr_line' id='line_1_49' title="bbox 904 808 1267 849; baseline -0.011 -5"><span class='ocrx_word' id='word_1_153' title='bbox 904 812 934 844; x_wconf 85' lang='lat'>3.</span> <span class='ocrx_word' id='word_1_154' title='bbox 960 810 1062 842; x_wconf 88' lang='lat' dir='ltr'>Annis</span> <span class='ocrx_word' id='word_1_155' title='bbox 1089 808 1267 849; x_wconf 83' lang='lat' dir='ltr'>puerilibus</span> 
     </span>
     <span class='ocr_line' id='line_1_50' title="bbox 959 855 1336 890; baseline -0.008 -1"><span class='ocrx_word' id='word_1_156' title='bbox 959 857 1066 890; x_wconf 82' lang='lat' dir='ltr'>Factis</span> <span class='ocrx_word' id='word_1_157' title='bbox 1092 864 1161 887; x_wconf 90' lang='lat' dir='ltr'>cum</span> <span class='ocrx_word' id='word_1_158' title='bbox 1186 855 1336 887; x_wconf 86' lang='lat' dir='ltr'>senilibus</span> 
     </span>
     <span class='ocr_line' id='line_1_51' title="bbox 959 902 1384 940; baseline -0.002 -6"><span class='ocrx_word' id='word_1_159' title='bbox 959 903 1078 935; x_wconf 86' lang='lat' dir='ltr'>Mentis</span> <span class='ocrx_word' id='word_1_160' title='bbox 1101 902 1195 934; x_wconf 87' lang='lat' dir='ltr'>tersit</span> <span class='ocrx_word' id='word_1_161' title='bbox 1219 902 1384 940; x_wconf 85' lang='lat' dir='ltr'>caliginem</span> 
     </span>
     <span class='ocr_line' id='line_1_52' title="bbox 959 950 1361 988; baseline -0.002 -7"><span class='ocrx_word' id='word_1_162' title='bbox 959 950 1112 982; x_wconf 84' lang='lat' dir='ltr'>Devitans</span> <span class='ocrx_word' id='word_1_163' title='bbox 1136 950 1361 988; x_wconf 80' lang='lat' dir='ltr'>impetiginem.</span> 
     </span>
    </p>
   </div>
   <div class='ocr_carea' id='block_1_21' title="bbox 1091 1014 1296 1050">
    <p class='ocr_par' dir='ltr' id='par_1_21' title="bbox 1091 1014 1296 1050">
     <span class='ocr_line' id='line_1_53' title="bbox 1091 1014 1296 1050; baseline -0.005 -9"><span class='ocrx_word' id='word_1_164' title='bbox 1091 1014 1296 1050; x_wconf 85' lang='lat' dir='ltr'>Responsoria.</span> 
     </span>
    </p>
   </div>
   <div class='ocr_carea' id='block_1_22' title="bbox 905 1060 1464 1474">
    <p class='ocr_par' dir='ltr' id='par_1_22' title="bbox 905 1060 1391 1100">
     <span class='ocr_line' id='line_1_54' title="bbox 905 1060 1391 1100; baseline -0.004 -6"><span class='ocrx_word' id='word_1_165' title='bbox 905 1063 936 1094; x_wconf 86' lang='lat'>1.</span> <span class='ocrx_word' id='word_1_166' title='bbox 962 1061 1063 1092; x_wconf 80' lang='lat' dir='ltr'>Annis</span> <span class='ocrx_word' id='word_1_167' title='bbox 1088 1061 1192 1092; x_wconf 90' lang='lat' dir='ltr'>adhuc</span> <span class='ocrx_word' id='word_1_168' title='bbox 1212 1060 1391 1100; x_wconf 84' lang='lat' dir='ltr'>pubertatis</span> 
     </span>
    </p>

    <p class='ocr_par' dir='ltr' id='par_1_23' title="bbox 959 1107 1462 1194">
     <span class='ocr_line' id='line_1_55' title="bbox 959 1107 1462 1148; baseline -0.002 -9"><span class='ocrx_word' id='word_1_169' title='bbox 959 1107 1053 1139; x_wconf 90' lang='lat' dir='ltr'>Hunc</span> <span class='ocrx_word' id='word_1_170' title='bbox 1080 1110 1227 1148; x_wconf 88' lang='lat' dir='ltr'>parentes</span> <span class='ocrx_word' id='word_1_171' title='bbox 1252 1108 1310 1138; x_wconf 89' lang='lat' dir='ltr'>sub</span> <span class='ocrx_word' id='word_1_172' title='bbox 1336 1107 1462 1139; x_wconf 83' lang='lat' dir='ltr'>abbatis</span> 
     </span>
     <span class='ocr_line' id='line_1_56' title="bbox 1008 1153 1263 1194; baseline 0.004 -10"><span class='ocrx_word' id='word_1_173' title='bbox 1008 1153 1058 1184; x_wconf 88' lang='lat' dir='ltr'>Pii</span> <span class='ocrx_word' id='word_1_174' title='bbox 1081 1154 1263 1194; x_wconf 85' lang='lat' dir='ltr'>magisterio</span> 
     </span>
    </p>

    <p class='ocr_par' dir='ltr' id='par_1_24' title="bbox 960 1200 1432 1233">
     <span class='ocr_line' id='line_1_57' title="bbox 960 1200 1432 1233; baseline 0 -1"><span class='ocrx_word' id='word_1_175' title='bbox 960 1200 1107 1232; x_wconf 87' lang='lat' dir='ltr'>Dulciter</span> <span class='ocrx_word' id='word_1_176' title='bbox 1132 1201 1432 1233; x_wconf 84' lang='lat' dir='ltr'>commendaverunt</span> 
     </span>
    </p>

    <p class='ocr_par' dir='ltr' id='par_1_25' title="bbox 961 1247 1351 1333">
     <span class='ocr_line' id='line_1_58' title="bbox 961 1247 1351 1289; baseline 0.005 -11"><span class='ocrx_word' id='word_1_177' title='bbox 961 1247 1006 1278; x_wconf 88' lang='lat' dir='ltr'>Et</span> <span class='ocrx_word' id='word_1_178' title='bbox 1029 1248 1071 1279; x_wconf 87' lang='lat' dir='ltr'>ad</span> <span class='ocrx_word' id='word_1_179' title='bbox 1096 1257 1154 1279; x_wconf 78' lang='lat' dir='ltr'>sua</span> <span class='ocrx_word' id='word_1_180' title='bbox 1176 1248 1351 1289; x_wconf 83' lang='lat' dir='ltr'>redierunt,</span> 
     </span>
     <span class='ocr_line' id='line_1_59' title="bbox 1010 1293 1351 1333; baseline 0 -8"><span class='ocrx_word' id='word_1_181' title='bbox 1010 1293 1108 1326; x_wconf 85' lang='lat' dir='ltr'>Cuius</span> <span class='ocrx_word' id='word_1_182' title='bbox 1132 1293 1191 1326; x_wconf 85' lang='lat' dir='ltr'>sub</span> <span class='ocrx_word' id='word_1_183' title='bbox 1215 1295 1351 1333; x_wconf 85' lang='lat' dir='ltr'>imperio</span> 
     </span>
    </p>

    <p class='ocr_par' dir='ltr' id='par_1_26' title="bbox 962 1341 1382 1380">
     <span class='ocr_line' id='line_1_60' title="bbox 962 1341 1382 1380; baseline 0 -8"><span class='ocrx_word' id='word_1_184' title='bbox 962 1341 1051 1372; x_wconf 76' lang='lat' dir='ltr'>Vixit</span> <span class='ocrx_word' id='word_1_185' title='bbox 1073 1350 1171 1380; x_wconf 89' lang='lat' dir='ltr'>purus</span> <span class='ocrx_word' id='word_1_186' title='bbox 1196 1341 1382 1373; x_wconf 87' lang='lat' dir='ltr'>adulescens</span> 
     </span>
    </p>

    <p class='ocr_par' dir='ltr' id='par_1_27' title="bbox 963 1387 1464 1474">
     <span class='ocr_line' id='line_1_61' title="bbox 963 1387 1464 1428; baseline 0.002 -10"><span class='ocrx_word' id='word_1_187' title='bbox 963 1387 1001 1418; x_wconf 80' lang='lat' dir='ltr'>In</span> <span class='ocrx_word' id='word_1_188' title='bbox 1028 1387 1144 1418; x_wconf 84' lang='lat' dir='ltr'>virtute</span> <span class='ocrx_word' id='word_1_189' title='bbox 1168 1396 1294 1428; x_wconf 90' lang='lat' dir='ltr'>semper</span> <span class='ocrx_word' id='word_1_190' title='bbox 1320 1396 1464 1419; x_wconf 88' lang='lat' dir='ltr'>crescens</span> 
     </span>
     <span class='ocr_line' id='line_1_62' title="bbox 1011 1433 1297 1474; baseline 0.007 -10"><span class='ocrx_word' id='word_1_191' title='bbox 1011 1433 1102 1465; x_wconf 87' lang='lat' dir='ltr'>Omni</span> <span class='ocrx_word' id='word_1_192' title='bbox 1129 1434 1297 1474; x_wconf 88' lang='lat' dir='ltr'>desiderio,</span> 
     </span>
    </p>
   </div>
   <div class='ocr_carea' id='block_1_23' title="bbox 893 1480 1245 1512">
    <p class='ocr_par' dir='ltr' id='par_1_28' title="bbox 893 1480 1245 1512">
     <span class='ocr_line' id='line_1_63' title="bbox 893 1480 1245 1512; baseline 0 0"><span class='ocrx_word' id='word_1_193' title='bbox 893 1480 933 1509; x_wconf 87' lang='lat' dir='ltr'>V·</span> <span class='ocrx_word' id='word_1_194' title='bbox 964 1480 1089 1512; x_wconf 86' lang='lat' dir='ltr'>Christo</span> <span class='ocrx_word' id='word_1_195' title='bbox 1115 1481 1245 1512; x_wconf 86' lang='lat' dir='ltr'>devotus</span> 
     </span>
    </p>
   </div>
   <div class='ocr_carea' id='block_1_24' title="bbox 1009 1527 1453 1567">
    <p class='ocr_par' dir='ltr' id='par_1_29' title="bbox 1009 1527 1453 1567">
     <span class='ocr_line' id='line_1_64' title="bbox 1009 1527 1453 1567; baseline 0.005 -9"><span class='ocrx_word' id='word_1_196' title='bbox 1009 1527 1118 1559; x_wconf 86' lang='lat' dir='ltr'>vivens</span> <span class='ocrx_word' id='word_1_197' title='bbox 1142 1528 1200 1559; x_wconf 88' lang='lat' dir='ltr'>sub</span> <span class='ocrx_word' id='word_1_198' title='bbox 1225 1529 1335 1567; x_wconf 83' lang='lat' dir='ltr'>regula</span> <span class='ocrx_word' id='word_1_199' title='bbox 1358 1531 1453 1560; x_wconf 79' lang='lat' dir='ltr'>totus.</span> 
     </span>
    </p>
   </div>
   <div class='ocr_carea' id='block_1_25' title="bbox 907 1583 1513 1859">
    <p class='ocr_par' dir='ltr' id='par_1_30' title="bbox 907 1583 1513 1764">
     <span class='ocr_line' id='line_1_65' title="bbox 907 1583 1513 1623; baseline 0.003 -10"><span class='ocrx_word' id='word_1_200' title='bbox 907 1584 937 1614; x_wconf 84' lang='lat'>2.</span> <span class='ocrx_word' id='word_1_201' title='bbox 964 1583 1082 1614; x_wconf 87' lang='lat' dir='ltr'>Mentis</span> <span class='ocrx_word' id='word_1_202' title='bbox 1096 1586 1198 1615; x_wconf 88' lang='lat' dir='ltr'>motus</span> <span class='ocrx_word' id='word_1_203' title='bbox 1211 1583 1263 1615; x_wconf 85' lang='lat' dir='ltr'>hic</span> <span class='ocrx_word' id='word_1_204' title='bbox 1275 1584 1513 1623; x_wconf 83' lang='lat' dir='ltr'>transcendens,</span> 
     </span>
     <span class='ocr_line' id='line_1_66' title="bbox 964 1629 1444 1670; baseline 0.004 -10"><span class='ocrx_word' id='word_1_205' title='bbox 964 1629 1058 1661; x_wconf 81' lang='lat' dir='ltr'>Vana</span> <span class='ocrx_word' id='word_1_206' title='bbox 1081 1639 1221 1670; x_wconf 83' lang='lat' dir='ltr'>quaeque</span> <span class='ocrx_word' id='word_1_207' title='bbox 1244 1630 1444 1670; x_wconf 80' lang='lat' dir='ltr'>vilipendens</span> 
     </span>
     <span class='ocr_line' id='line_1_67' title="bbox 962 1676 1325 1709; baseline 0.006 -2"><span class='ocrx_word' id='word_1_208' title='bbox 962 1676 1138 1708; x_wconf 83' lang='lat' dir='ltr'>Hauriebat</span> <span class='ocrx_word' id='word_1_209' title='bbox 1163 1677 1325 1709; x_wconf 89' lang='lat' dir='ltr'>sitibundo</span> 
     </span>
     <span class='ocr_line' id='line_1_68' title="bbox 967 1723 1444 1764; baseline 0.004 -8"><span class='ocrx_word' id='word_1_210' title='bbox 967 1723 1079 1762; x_wconf 80' lang='lat' dir='ltr'>Corde,</span> <span class='ocrx_word' id='word_1_211' title='bbox 1107 1733 1163 1755; x_wconf 89' lang='lat' dir='ltr'>ore</span> <span class='ocrx_word' id='word_1_212' title='bbox 1188 1724 1272 1764; x_wconf 85' lang='lat' dir='ltr'>quod</span> <span class='ocrx_word' id='word_1_213' title='bbox 1298 1723 1444 1758; x_wconf 82' lang='lat' dir='ltr'>facundo·</span> 
     </span>
    </p>

    <p class='ocr_par' dir='ltr' id='par_1_31' title="bbox 1013 1770 1419 1859">
     <span class='ocr_line' id='line_1_69' title="bbox 1013 1770 1286 1811; baseline 0.011 -10"><span class='ocrx_word' id='word_1_214' title='bbox 1013 1770 1089 1802; x_wconf 87' lang='lat' dir='ltr'>Post</span> <span class='ocrx_word' id='word_1_215' title='bbox 1113 1773 1286 1811; x_wconf 82' lang='lat' dir='ltr'>eructabat,</span> 
     </span>
     <span class='ocr_line' id='line_1_70' title="bbox 1013 1816 1419 1859; baseline 0.01 -12"><span class='ocrx_word' id='word_1_216' title='bbox 1013 1816 1150 1857; x_wconf 89' lang='lat' dir='ltr'>Tempus</span> <span class='ocrx_word' id='word_1_217' title='bbox 1176 1818 1249 1850; x_wconf 89' lang='lat' dir='ltr'>dum</span> <span class='ocrx_word' id='word_1_218' title='bbox 1273 1819 1419 1859; x_wconf 75' lang='lat' dir='ltr'>vacabat,</span> 
     </span>
    </p>
   </div>
   <div class='ocr_carea' id='block_1_26' title="bbox 896 1862 1276 1896">
    <p class='ocr_par' dir='ltr' id='par_1_32' title="bbox 896 1862 1276 1896">
     <span class='ocr_line' id='line_1_71' title="bbox 896 1862 1276 1896; baseline 0.005 -2"><span class='ocrx_word' id='word_1_219' title='bbox 896 1862 934 1895; x_wconf 88' lang='lat' dir='ltr'>V.</span> <span class='ocrx_word' id='word_1_220' title='bbox 964 1863 1144 1895; x_wconf 82' lang='lat' dir='ltr'>Literarum</span> <span class='ocrx_word' id='word_1_221' title='bbox 1170 1868 1220 1896; x_wconf 81' lang='lat' dir='ltr'>stu</span> <span class='ocrx_word' id='word_1_222' title='bbox 1225 1866 1276 1896; x_wconf 91' lang='lat' dir='ltr'>dio</span> 
     </span>
    </p>
   </div>
   <div class='ocr_carea' id='block_1_27' title="bbox 967 1910 1345 1992">
    <p class='ocr_par' dir='ltr' id='par_1_33' title="bbox 967 1910 1345 1992">
     <span class='ocr_line' id='line_1_72' title="bbox 967 1910 1345 1951; baseline 0.008 -11"><span class='ocrx_word' id='word_1_223' title='bbox 967 1910 1084 1941; x_wconf 86' lang='lat' dir='ltr'>Mentis</span> <span class='ocrx_word' id='word_1_224' title='bbox 1111 1919 1181 1942; x_wconf 87' lang='lat' dir='ltr'>cum</span> <span class='ocrx_word' id='word_1_225' title='bbox 1203 1912 1345 1951; x_wconf 88' lang='lat' dir='ltr'>tripudio</span> 
     </span>
     <span class='ocr_line' id='line_1_73' title="bbox 1009 1957 1335 1992; baseline 0.006 -3"><span class='ocrx_word' id='word_1_226' title='bbox 1009 1957 1162 1989; x_wconf 80' lang='lat' dir='ltr'>Firmiter</span> <span class='ocrx_word' id='word_1_227' title='bbox 1184 1957 1335 1992; x_wconf 76' lang='lat' dir='ltr'>instabat.</span> 
     </span>
    </p>
   </div>
   <div class='ocr_carea' id='block_1_28' title="bbox 911 2011 1432 2289">
    <p class='ocr_par' dir='ltr' id='par_1_34' title="bbox 911 2011 1432 2231">
     <span class='ocr_line' id='line_1_74' title="bbox 911 2011 1432 2052; baseline 0.002 -8"><span class='ocrx_word' id='word_1_228' title='bbox 911 2013 941 2044; x_wconf 87' lang='lat'>3.</span> <span class='ocrx_word' id='word_1_229' title='bbox 967 2011 1105 2043; x_wconf 85' lang='lat' dir='ltr'>Vincens</span> <span class='ocrx_word' id='word_1_230' title='bbox 1129 2012 1231 2052; x_wconf 89' lang='lat' dir='ltr'>legem</span> <span class='ocrx_word' id='word_1_231' title='bbox 1255 2013 1432 2052; x_wconf 84' lang='lat' dir='ltr'>pubertatis</span> 
     </span>
     <span class='ocr_line' id='line_1_75' title="bbox 967 2058 1365 2098; baseline 0.005 -9"><span class='ocrx_word' id='word_1_232' title='bbox 967 2058 1037 2098; x_wconf 78' lang='lat' dir='ltr'>lugi</span> <span class='ocrx_word' id='word_1_233' title='bbox 1061 2059 1132 2098; x_wconf 83' lang='lat' dir='ltr'>lege</span> <span class='ocrx_word' id='word_1_234' title='bbox 1155 2059 1213 2090; x_wconf 88' lang='lat' dir='ltr'>sub</span> <span class='ocrx_word' id='word_1_235' title='bbox 1239 2059 1365 2091; x_wconf 83' lang='lat' dir='ltr'>abbatis</span> 
     </span>
     <span class='ocr_line' id='line_1_76' title="bbox 1016 2104 1305 2149; baseline 0.014 -15"><span class='ocrx_word' id='word_1_236' title='bbox 1016 2104 1102 2136; x_wconf 86' lang='lat' dir='ltr'>Vixit</span> <span class='ocrx_word' id='word_1_237' title='bbox 1127 2105 1305 2149; x_wconf 81' lang='lat' dir='ltr'>disciplina,</span> 
     </span>
     <span class='ocr_line' id='line_1_77' title="bbox 970 2151 1279 2186; baseline 0.003 -3"><span class='ocrx_word' id='word_1_238' title='bbox 970 2151 1120 2183; x_wconf 88' lang='lat' dir='ltr'>Omnibus</span> <span class='ocrx_word' id='word_1_239' title='bbox 1145 2151 1279 2186; x_wconf 75' lang='lat' dir='ltr'>affabilis</span> 
     </span>
     <span class='ocr_line' id='line_1_78' title="bbox 969 2198 1262 2231; baseline 0.007 -2"><span class='ocrx_word' id='word_1_240' title='bbox 969 2198 1038 2229; x_wconf 86' lang='lat' dir='ltr'>Deo</span> <span class='ocrx_word' id='word_1_241' title='bbox 1063 2201 1095 2229; x_wconf 85' lang='lat' dir='ltr'>et</span> <span class='ocrx_word' id='word_1_242' title='bbox 1118 2199 1262 2231; x_wconf 82' lang='lat' dir='ltr'>amabilis</span> 
     </span>
    </p>

    <p class='ocr_par' dir='ltr' id='par_1_35' title="bbox 1016 2245 1290 2289">
     <span class='ocr_line' id='line_1_79' title="bbox 1016 2245 1290 2289; baseline 0.004 -12"><span class='ocrx_word' id='word_1_243' title='bbox 1016 2245 1055 2277; x_wconf 86' lang='lat' dir='ltr'>In</span> <span class='ocrx_word' id='word_1_244' title='bbox 1079 2246 1148 2284; x_wconf 86' lang='lat' dir='ltr'>lege</span> <span class='ocrx_word' id='word_1_245' title='bbox 1174 2246 1290 2289; x_wconf 82' lang='lat' dir='ltr'>divina,</span> 
     </span>
    </p>
   </div>
   <div class='ocr_carea' id='block_1_29' title="bbox 900 2290 1448 2339">
    <p class='ocr_par' dir='ltr' id='par_1_36' title="bbox 900 2290 1448 2339">
     <span class='ocr_line' id='line_1_80' title="bbox 900 2290 1448 2339; baseline 0.009 -16"><span class='ocrx_word' id='word_1_246' title='bbox 900 2291 937 2324; x_wconf 82' lang='lat' dir='ltr'>V.</span> <span class='ocrx_word' id='word_1_247' title='bbox 964 2291 1080 2323; x_wconf 82' lang='lat' dir='ltr'>Mundi</span> <span class='ocrx_word' id='word_1_248' title='bbox 1103 2290 1218 2324; x_wconf 79' lang='lat' dir='ltr'>fastum</span> <span class='ocrx_word' id='word_1_249' title='bbox 1240 2296 1448 2339; x_wconf 83' lang='lat' dir='ltr'>proculcavit,</span> 
     </span>
    </p>
   </div>
   <div class='ocr_carea' id='block_1_30' title="bbox 970 2338 1448 2383">
    <p class='ocr_par' dir='ltr' id='par_1_37' title="bbox 970 2338 1448 2383">
     <span class='ocr_line' id='line_1_81' title="bbox 970 2338 1448 2383; baseline 0.017 -14"><span class='ocrx_word' id='word_1_250' title='bbox 970 2338 1048 2370; x_wconf 86' lang='lat' dir='ltr'>Eius</span> <span class='ocrx_word' id='word_1_251' title='bbox 1072 2347 1204 2379; x_wconf 80' lang='lat' dir='ltr'>pompas</span> <span class='ocrx_word' id='word_1_252' title='bbox 1228 2344 1448 2383; x_wconf 83' lang='lat' dir='ltr'>posttergavit.</span> 
     </span>
    </p>
   </div>
  </div>
 </body>
</html>
