1655 2534
765 113 1018 147 —176—

637 207 754 234 Poscite
771 206 856 233 nobis
878 207 1001 239 miseris,

638 244 717 277 Quos
738 246 843 279 gravat
861 243 952 270 moles
973 244 1110 274 criminis,

637 282 680 309 Ut
696 281 849 308 vobiscum
869 283 1010 316 perpetua

637 318 822 345 Pei-fruamur
841 318 964 345 laetitia.

251 364 343 391 Diese
362 364 512 399 Antiphon
540 366 579 391 ist
603 365 651 392 bei
670 365 730 392 Mai
749 365 858 400 (Migne
877 364 897 391 1.
924 372 948 391 c.
975 362 1041 393 812]
1062 365 1116 390 mit
1143 364 1223 390 einer
1253 362 1341 397 vffllig
1360 360 1469 395 irrigen
1491 359 1549 385 Ab·

251 402 365 437 teilung
385 401 434 428 der
452 402 543 429 Verse
562 402 710 437 gedruckt.
1314 438 1320 443 ι
1412 436 1423 441 ..
1482 435 1487 440 Ι

322 438 383 465 Der
408 440 509 466 zweite
529 440 633 466 Irrtum
654 440 731 466 Mais
756 439 871 466 besteht
895 438 990 471 darin,
1020 438 1083 465 dass
1109 447 1139 465 er
1165 438 1217 465 das
1238 436 1372 465 Officium
1396 434 1447 478 fur.
1462 442 1550 477 emon

246 477 381 510 Hymnus
402 476 495 503 ansah
514 476 571 503 und
594 478 647 503 mit
669 476 817 511 folgender
836 475 1068 509 merkwiirdigen
1090 476 1166 503 Note
1187 475 1337 510 begleitet:
1359 473 1502 516 Sequitur
1518 480 1551 515 111

244 513 345 540 codice
364 512 487 546 hymnus
509 515 658 548 pl'oztaieus
679 515 755 545 sive,
778 516 811 540 ut
826 513 930 541 Graeci
948 513 1114 547 loquuntur,
1134 520 1227 539 canon
1247 520 1311 539 cum
1329 512 1407 537 ‘tonis
1427 516 1550 553 musicis

244 551 277 576 in
303 549 419 576 laudem
449 549 499 577 SS.
520 551 686 583 Saviniani,
713 551 878 578 Potentiani
906 553 993 585 atque
1018 551 1176 581 sociorum,
1204 550 1286 576 cuius
1312 549 1414 591 auctor
1436 546 1552 590 videtur

242 588 307 620 ipse
332 586 511 621 odorannus
532 588 763 622 quandoquidem
783 596 888 615 nomen
909 596 993 614 suum
1014 588 1077 622 ipse
1098 587 1202 614 deinde
1216 587 1338 622 apponit
1357 584 1502 628 muccdlce
1515 587 1552 611 ut

242 624 320 651 infra
343 623 506 650 videbimus
528 624 557 652 (l.
585 633 599 650 c
634 622 707 658 826).
748 625 842 653 Schon
871 625 918 652 die
937 624 1060 651 Evovae
1087 624 1137 651 der
1156 623 1344 659 Antiphonen
1370 622 1472 649 hatten
1496 622 1549 648 das

243 659 380 695 Richtige
400 668 437 687 an
457 661 503 687 (lie
523 661 610 688 Hand
630 663 722 697 geben
744 667 869 689 iniissen.

664 770 709 800 63.
730 771 773 802 De
793 772 902 802 sancta
922 770 1121 802 Scholastica.

374 846 419 877 In
448 847 476 878 1.
506 848 724 887 Vesperis.
1046 850 1089 881 In
1116 850 1145 882 1.
1173 849 1405 880 Nocturno.

241 930 280 962 R.
312 929 336 961 O
364 930 488 961 doctrix
512 933 542 961 et
568 931 730 963 didascala
1131 923 1327 958 Antiphonae·

360 975 536 1008 Sectandae
561 978 698 1018 virtutis,

312 1023 409 1061 Quam
437 1023 531 1062 digne
555 1023 751 1056 Scholastica

358 1069 494 1108 Diceris,
520 1071 627 1101 schola
652 1071 774 1108 salutis,

240 1116 278 1148 V.
309 1115 357 1146 Tu
382 1116 456 1154 vita,
480 1119 514 1147 tu
535 1120 637 1147 morte

357 1170 414 1193 nos
441 1163 564 1201 edoces,

310 1207 355 1240 Ut
384 1208 424 1240 ad
451 1209 530 1239 caeli
555 1209 637 1241 bona

358 1264 414 1286 nos
440 1263 560 1288 evoces,

933 978 963 1011 1.
991 979 1089 1010 Stella
1114 980 1216 1019 surgit
1239 980 1396 1010 matutina

1038 1026 1132 1058 Claro
1158 1024 1282 1065 fulgens
1306 1026 1434 1061 lumine,

990 1071 1074 1102 Dum
1099 1072 1179 1103 haec
1202 1073 1291 1111 virgo
1318 1072 1496 1104 columbina

1038 1118 1135 1149 Volat
1162 1118 1203 1149 ad
1227 1120 1268 1160 te,
1295 1119 1440 1151 Domine.

934 1176 964 1207 2.
989 1173 1099 1205 Dulcis
1124 1177 1216 1206 sonat
1237 1175 1403 1207 harmonia

1038 1220 1099 1252 Dei
1118 1230 1250 1252 narrans
1275 1222 1420 1261 gloriam,

992 1267 1089 1306 Quam
1114 1268 1222 1307 puella
1246 1269 1396 1311 prudens,
1423 1270 1480 1309 pia

1038 1314 1207 1354 Depromit
1229 1324 1289 1356 per
1314 1317 1459 1355 gratiam.

938 1371 968 1403 3.
995 1371 1073 1411 Tuo,
1100 1371 1183 1411 Iesu,
1208 1372 1327 1403 nomini

1037 1417 1150 1449 Fidem
1180 1419 1391 1452 conservabat

433 1366 477 1393 Ad
498 1366 676 1402 Magnificat.

239 1443 282 1475 A.
316 1442 340 1473 Ο
366 1439 424 1473 flos
451 1443 601 1483 candens,
627 1444 726 1474 lilium

362 1489 521 1527 Fragrans
546 1489 578 1520 in
605 1490 809 1532 convallibus,

405 1534 546 1565 Fervens
567 1534 625 1566 flos
650 1535 855 1576 Scholastica,

310 1580 464 1619 Sponsum
490 1580 551 1611 Dei
575 1580 673 1612 filium

359 1627 447 1659 Caeli
470 1627 576 1665 pascis
599 1626 740 1669 fioribus,

406 1673 530 1704 Virtute
554 1672 705 1712 mirifica;

311 1718 379 1749 Fac
402 1718 538 1750 candore
564 1720 718 1751 castitatis

360 1765 425 1797 Nos
449 1763 563 1796 florere
589 1767 718 1797 caelitus

311 1811 353 1842 Et
379 1812 495 1842 ardore
520 1813 661 1844 caritatis

358 1857 497 1889 Fervere
521 1859 712 1892 medullitus,

372 2027 432 2058 Ad
457 2026 721 2060 Matutinum.

442 2128 655 2155 Invitatorium.

312 2203 431 2235 Cuncta
458 2207 572 2235 canant
595 2203 738 2246 Domino,

359 2249 409 2287 qui
436 2251 553 2282 sanctis
578 2251 707 2281 aethera
735 2251 856 2292 pandit,

314 2295 375 2326 Ore
401 2296 576 2327 columbino

359 2350 418 2380 quo
435 2342 503 2373 visa
518 2342 713 2375 Scholastica
725 2344 858 2377 scandit.

990 1463 1033 1494 Et
1059 1467 1092 1495 ut
1117 1469 1205 1496 terra
1230 1465 1357 1497 Domini

1037 1510 1138 1541 Plena
1160 1512 1367 1549 germinabat.

1124 1583 1331 1618 Responsoria.

934 1639 963 1670 1.
976 1621 982 1636 s
994 1639 1090 1678 'Virgo
1114 1639 1183 1671 Deo
1208 1641 1336 1683 placita,

1035 1686 1186 1718 Formula
1211 1688 1429 1729 claustrorum,

988 1732 1036 1763 Tu
1060 1734 1164 1764 carnis
1189 1734 1258 1774 lege
1281 1736 1403 1768 domita

1035 1779 1187 1820 Regulam
1215 1782 1293 1813 daus
1316 1792 1449 1827 morum,

987 1826 1186 1859 Modulatrix
1209 1829 1330 1872 inclita,

1035 1873 1186 1905 Nostrum
1213 1884 1287 1915 rege
1311 1877 1461 1920 chorun13

948 1941 955 1950 .
986 1919 1111 1951 Memor
1136 1924 1202 1952 esto
1224 1921 1373 1963 filiorum,

1036 1965 1139 2009 Soror,
1167 1970 1277 2006 mater,
1304 1970 1410 2012 amita,

986 2011 1058 2045 Duc
1070 2021 1127 2043 nos
1141 2013 1182 2044 ad
1195 2017 1311 2044 statum
1320 2015 1540 2053 perfectorum

1036 2058 1095 2089 Via
1119 2058 1204 2090 vitae
1229 2060 1366 2094 reddita.

954 2136 961 2143 .
989 2113 1012 2144 O
1039 2113 1124 2144 oliva
1141 2115 1285 2156 pietatis,

986 2158 1137 2190 Fundens
1160 2161 1228 2192 zelo
1254 2163 1395 2196 caritatis

1036 2206 1144 2238 Oleum
1157 2208 1307 2252 laetitiae,

988 2250 1088 2284 Caeco
1113 2253 1228 2293 lumen,
1255 2254 1305 2287 fer
1332 2257 1471 2294 divinam

987 2299 1101 2331 Morbo
1127 2301 1231 2333 cordis
1256 2305 1445 2339 medicinam

1035 2347 1274 2381 Condimentum
1300 2353 1429 2397 veniae3
