1655 2534
165 188 196 219 3.

157 759 196 791 V.

171 862 201 892 2.

221 185 260 217 In
283 181 387 214 medio
410 178 522 217 templi

270 228 352 269 regis
376 224 598 265 sempiternam

222 273 472 310 Misericordiam
497 268 645 307 suscepit,

223 325 291 363 Qua
312 320 428 361 iugiter
452 315 610 358 gaudebit.

359 408 562 447 Responsoria.

225 480 314 513 Misit
337 478 479 519 protinus
505 474 634 506 clientes

225 527 278 559 Ad
301 523 503 565 inquirendos

273 573 337 603 eius
362 571 516 610 parentes,

225 619 280 657 Ut,
306 618 333 649 si
355 616 457 648 libera
478 612 675 655 probaretur,

227 666 265 697 111
290 662 462 701 coniugium

272 709 334 741 sibi
357 707 567 747 copularctur.

224 756 288 789 Sed
310 757 391 787 hanc
415 752 468 793 qui
493 750 747 790 desponsaverat,

226 803 295 835 Non
320 801 365 833 ita
388 798 678 839 praeordinaverat.

229 859 306 891 Cum
330 859 480 896 tyrannus
504 852 670 890 intellexit,

226 904 316 945 Quod
340 911 409 934 eum
435 901 521 939 virgo
547 898 700 938 despexit,

228 950 325 983 Iussit
347 948 478 980 eandem
496 946 596 977 iratus

231 996 301 1029 Suis
325 992 521 1037 praesentari
544 989 752 1022 tribunalibus

231 1044 329 1082 Quam
353 1048 483 1081 sperans

276 1088 454 1128 puellarum
476 1092 564 1116 more

232 1135 330 1167 Minis
352 1133 439 1165 flecti

278 1180 440 1213 subiuncto
465 1181 595 1209 terrore.

203 1263 210 1270 .
234 1237 330 1276 Virgo
354 1233 532 1267 veneranda

233 1284 269 1314 In
295 1290 407 1321 magna
431 1282 517 1311 stans
542 1277 717 1309 constantia

236 1329 342 1361 Verba
366 1325 553 1365 contempsit
572 1323 696 1362 iudicis,

237 1375 292 1407 Nil
310 1374 449 1414 cogitans
468 1372 507 1403 de
524 1370 617 1402 rebus
633 1368 782 1406 lubricis3

240 1420 391 1453 Caelestis
415 1418 547 1458 praemii
571 1424 629 1455 spe
644 1414 782 1455 gaudens

236 1468 276 1499 In
300 1465 503 1498 tribulatione
527 1465 595 1495 erat
616 1461 751 1500 patiens.

295 1586 342 1617 In
368 1586 397 1618 3.
424 1583 651 1616 NocturnO.

382 1665 578 1700 Antiphonae.

210 1760 219 1767 .
242 1734 339 1765 Dicta
362 1735 436 1764 sunt.
460 1731 596 1771 gloriosa

241 1780 292 1813 De
313 1783 357 1819 te,
381 1778 470 1818 virgo
494 1777 646 1816 speciosa,

241 1826 292 1859 Sis
315 1833 434 1857 memor
454 1824 530 1855 hinc
552 1823 661 1866 nostri,

241 1873 379 1906 Devotos
403 1879 479 1910 quos
505 1870 565 1903 tibi
587 1870 680 1901 nosti.

243 1930 283 1962 In
305 1927 430 1967 populis
453 1925 671 1958 annuntiemus

242 1974 414 2013 Mffabifia,
440 1981 520 2013 quae
543 1971 619 2003 fecit
642 1971 728 2003 Deus

241 2023 311 2055 Hac
333 2022 367 2052 in
391 2021 484 2052 beata
507 2018 638 2059 virgine,

242 2069 320 2108 Quia
344 2064 424 2100 vixit
446 2066 564 2106 absque
589 2065 726 2097 crimine.

211 2150 216 2156 .
243 2123 341 2156 'Tubis
364 2123 397 2154 in
423 2122 592 2154 ductilibus

244 2170 364 2202 Psallat
388 2169 487 2201 omnis
512 2168 641 2208 spiritus

243 2216 423 2249 Iudicaturo
449 2218 562 2249 cuncta
585 2215 719 2258 saecula,

245 2263 283 2296 In
308 2272 367 2302 quo
391 2263 454 2294 iam
478 2263 614 2294 exsultat

246 2309 336 2342 Haec
359 2309 431 2349 agni
453 2309 651 2349 pedissequa.

1027 160 1235 198 Responsoria.

836 233 867 267 1.
896 232 972 264 Post
995 228 1131 262 carceris
1155 225 1329 266 squalorem

894 278 1067 317 Carnisque
1090 272 1333 307 macerationem

896 324 1015 357 Christi
1039 323 1156 356 dilecta
1179 316 1356 352 tenebrosis

894 372 1005 404 Denuo
1031 369 1207 402 recluditur
1230 366 1264 397 in
1288 363 1376 402 locis,

856 444 863 451 .
896 419 1019 451 Nomen
1042 414 1171 450 Domini
1195 413 1328 445 laudare

896 465 968 497 Non
995 464 1141 497 desinens
1167 463 1198 492 et
1222 457 1410 499 glorificare.

839 547 846 556 ⁶
862 564 870 571 .
897 540 1014 571 Sancta
1037 539 1177 575 martyre

896 584 1082 619 Precatibus
1106 584 1246 614 instante

896 633 1001 665 Draco
1026 630 1147 663 foetore

944 679 1057 719 plenus
1081 675 1239 717 apparuit,

899 726 957 764 Qui
979 726 1062 757 hanc
1086 722 1239 754 invadens

944 774 1045 804 totam
1069 768 1243 807 absorbuit,

846 820 867 853 ⁷.
899 819 997 857 Quem
1021 826 1079 857 per
1103 815 1242 847 medium

946 865 1034 904 signo
1061 862 1162 895 crucis
1189 859 1318 892 discidit

900 912 944 944 Et
969 912 1008 943 de
1032 913 1120 942 utero

950 958 1014 989 eius
1038 957 1150 989 illaesa
1174 953 1279 987 exivit,

848 1055 878 1066 -.
903 1033 1010 1066 Fortis
1035 1031 1178 1071 agonista

951 1087 1057 1111 secum
1080 1077 1252 1108 meditatur
1274 1077 1311 1107 ut
1333 1075 1406 1115 ista,

906 1125 1028 1165 Astitit‚
1055 1126 1175 1163 exorat,

955 1173 1086 1204 daemon
1108 1179 1165 1201 sua
1182 1168 1313 1200 crimina
1329 1167 1455 1207 prodat,

909 1218 1038 1259 Cogitur
1062 1215 1208 1254 afflictus,

956 1264 1092 1297 discedit
1117 1263 1251 1301 denique
1275 1261 1388 1301 victus,

871 1336 876 1342 .
906 1311 1054 1344 Fratrem
1080 1312 1258 1341 truncatum

959 1358 1046 1390 dolet
1069 1365 1107 1388 ac
1131 1364 1200 1387 sese
1225 1358 1417 1394 superatum.

1003 1497 1050 1529 In
1073 1495 1157 1528 Lau
1167 1495 1236 1527 dib
1246 1504 1266 1526 u
1275 1504 1301 1528 s⁴

1055 1578 1250 1615 Antiphonaa

877 1670 885 1677 .
910 1645 1037 1684 Martyr
1060 1645 1191 1685 insignis
1216 1643 1399 1685 Margareta

908 1692 1003 1724 quta
1026 1690 1180 1731 praefecti
1207 1691 1337 1723 decreta

912 1738 1005 1771 Ocius
1031 1738 1151 1770 carceri
1175 1738 1372 1771 subtrahitur

909 1785 1050 1825 Eiusque
1074 1786 1294 1824 conspectibus
1327 1786 1461 1819 sistitur.

878 1884 886 1894 .
914 1861 1054 1899 Cumque
1074 1859 1171 1891 nullis
1196 1859 1359 1892 blanditiis

914 1906 968 1938 Ad
993 1914 1178 1937 consensum

959 1952 1135 1983 molliretur
1156 1952 1280 1992 iudicis,

914 1998 1038 2030 Furore
1062 1999 1157 2031 nimio
1182 1997 1392 2032 infiammatus

915 2045 1085 2085 Praecepit
1109 2054 1177 2077 eam

963 2092 1094 2124 accendi
1117 2092 1329 2132 lampadibus.

884 2193 891 2200 .
917 2166 1059 2198 Ministii
1082 2168 1189 2199 statim
1214 2169 1350 2201 tenellae

919 2214 1039 2253 Corpus
1065 2214 1291 2247 comburebant
1314 2216 1450 2260 puellae,

918 2261 983 2294 Sed
1005 2260 1085 2293 haec
1109 2262 1250 2294 oratione
1275 2261 1361 2295 facta

919 2307 997 2347 Igne
1018 2308 1194 2348 permansit
1215 2308 1346 2344 intacta.
