1655 2534
777 144 817 149 —
870 124 1032 159 308-—

351 220 413 250 156.
433 223 539 258 Lupi,
554 222 681 258 episcopi
693 221 845 248 Trecensis
858 220 888 246 et
899 218 1082 251 confessoris,
1097 215 1144 245 29.
1154 211 1388 252 1u111[f01.57a].
1418 214 1566 250 Fulgende

273 259 470 288 Bruchstiioke
494 262 572 288 eines
593 258 798 287 unbekannten
819 255 980 285 Officiums:

273 316 337 343 Inv„
358 316 394 343 In
413 316 526 344 Christo
546 316 614 344 Iesu
943 312 978 340 R.
1000 312 1093 348 Lupe,
1114 312 1213 338 sancte
1234 310 1373 346 pontifex,

394 353 500 381 iubilat
519 353 648 387 ecclesia,
1002 349 1128 377 Nostrae
1148 348 1251 376 salutis
1272 347 1376 382 opifex,

357 391 414 423 Qui
433 393 563 418 sanctum
582 390 696 426 Lupum
1000 386 1142 414 Succurre
1161 386 1245 413 nobis
1265 386 1380 412 miseris

392 429 474 456 vexit
492 429 529 456 ad
548 428 693 455 caelestia.
999 425 1072 451 Tuis
1092 432 1159 451 cum
1179 423 1308 456 auxiliis,

400 485 406 491 .
513 486 518 491 .
661 484 667 489 .
998 462 1040 490 Ut
1059 469 1220 489 mereamur
1238 460 1347 495 perfrui

274 485 308 511 R.
331 485 408 519 Lupi
429 486 520 511 sancti
537 483 689 512 sollemnia
999 498 1119 526 Gaudfis
1141 499 1274 526 aeternis·

360 519 629 565 .re⁰⁰l³n¹.us‚di·sslle
942 537 978 565 V.
1002 537 1069 564 Hoc
1089 537 1146 563 cito
1167 535 1206 562 da
1224 543 1337 569 munus,

330 558 460 610 ΕΨΞἿἙΙΘ
478 566 607 601 mfflgnffa
1039 574 1089 609 qui
1109 581 1212 610 regnas
1233 574 1326 600 trinus
1347 575 1377 600 et
1395 581 1479 600 unus.

364 597 533 631 replicantes
553 604 608 631 ple,

326 634 470 666 Quoniam
487 632 629 668 tripudiat
938 630 973 657 A.
999 629 1120 658 Sursum
1139 629 1228 657 corda
1246 630 1422 656 suscitentur

363 671 394 696 in
413 670 501 697 caelis
522 672 584 697 sine
604 669 666 697 fine.
1033 669 1068 695 In
1087 667 1206 694 laudum
1226 668 1390 703 praeconia,

269 707 303 733 V.
326 707 437 735 Nomen
458 708 519 734 eius
539 708 676 742 scriptum
999 705 1042 733 Ut
1061 705 1203 740 condigne
1222 706 1396 731 venerentur

364 744 447 772 datur
467 745 552 772 astris
574 746 602 771 et
620 747 664 772 est
680 743 871 771 benedictum.
1038 742 1138 770 Sancti
1160 741 1238 778 Lupi
1259 742 1420 769 sollemnia.

346 816 407 845 157.
427 818 616 851 Luthardi,
645 819 758 846 comitis
779 818 934 845 Cliviensis
961 819 990 844 ei:
1018 817 1204 850 confessoris,
1235 815 1268 845 15
1289 816 1368 852 Sept.
1394 814 1456 852 [fol.
1476 813 1561 853 88b].

271 854 292 881 Α
308 855 402 887 Sa1ve‚
424 858 522 883 sancte
535 858 616 892 pater
629 859 680 884 etc.
696 864 747 883 aus
762 855 824 882 dem
836 855 927 882 leider
940 854 1194 890 unvollstiindig-en
1208 854 1341 882 Officium
1353 854 1438 881 Anal.
1452 854 1561 886 XXVI,

270 894 319 921 Nr.
340 892 384 921 95.

348 964 409 994 158.
429 967 602 1000 Macarii‚
627 966 817 994 Alexandr-im
844 966 973 999 abbatis,
1001 964 1027 992 2.
1047 967 1109 994 Ian.
1137 963 1216 1002 [folg.
1240 963 1339 1001 124a].
1380 966 1441 993 Aus
1468 967 1559 994 einem

271 1007 352 1032 sonst
369 1005 576 1031 unbekannten
596 1004 740 1032 Officium:

268 1050 303 1077 R.
329 1052 352 1079 O
372 1050 521 1085 praeclara
539 1050 612 1077 caeli
633 1050 724 1083 stessa,
941 1048 974 1076 A,
1001 1049 1109 1080 Gaude,
1132 1049 1225 1076 cultor
1245 1051 1341 1083 eremi,

326 1087 461 1115 Machare
481 1090 569 1123 pater,
590 1088 660 1115 seda
679 1088 764 1120 bella,
1001 1087 1057 1120 Qui
1077 1087 1184 1113 virtute
1205 1087 1324 1114 Domini

364 1125 399 1151 In
419 1133 513 1152 eremo
534 1132 602 1161 quae
627 1126 761 1160 patimur,
1034 1124 1235 1159 Supplantasti
1255 1125 1338 1157 vitia,

327 1163 407 1198 Ignis
428 1161 516 1193 ardet,
536 1162 649 1189 mordet
667 1170 792 1196 serpens,
1034 1161 1174 1188 Mundum
1195 1163 1224 1188 et
1243 1161 1410 1196 daemonia3

327 1200 436 1227 Gravat
454 1199 543 1232 labor,
565 1202 627 1226 aret
645 1201 760 1234 torpens
997 1199 1053 1226 Per
1073 1200 1101 1225 te
1120 1199 1218 1235 lapsos
1238 1201 1340 1234 erigat,

362 1237 453 1269 Mons,
475 1236 611 1263 Amalech
629 1238 807 1271 insequitur3
995 1236 1050 1263 Por
1069 1237 1098 1263 te
1117 1244 1208 1272 vagos
1228 1237 1343 1272 dirigat,

269 1273 303 1299 V.
327 1275 391 1302 Duc
411 1274 446 1300 ad
466 1276 592 1301 montem
611 1274 741 1307 visionis,
1032 1274 1088 1301 Per
1107 1276 1136 1300 te
1155 1276 1257 1301 nostra
1275 1274 1398 1302 vulnera

322 1313 439 1339 Terram
459 1310 496 1337 ad
512 1311 719 1346 promissionis,
1033 1311 1122 1338 Sanet
1141 1311 1221 1338 Deus
1242 1312 1348 1339 omnia.

360 1348 521 1384 Supernam
538 1349 705 1376 Ierusalem.

343 1421 404 1451 159.
424 1424 736 1456 Maccahaeorum,
765 1422 781 1448 7
806 1424 927 1450 fratrum
946 1425 1122 1458 martyrum,
1150 1424 1216 1451 Kal.
1238 1425 1311 1461 Aug.
1334 1423 1370 1452 10
1394 1423 1455 1461 [fol.
1476 1423 1558 1462 90a].

269 1460 369 1488 Neben
389 1460 439 1488 der
459 1460 584 1488 Colleete
604 1469 658 1487 nur
677 1460 838 1495 folgendes:

712 1506 776 1534 Viri
796 1507 884 1534 fortes
905 1508 1075 1535 Maccabaei

711 1544 767 1572 Pro
788 1544 933 1571 sewanda
949 1545 1014 1580 lege
1034 1546 1090 1572 Dei

750 1582 831 1609 Dura
850 1584 978 1617 eorporis
998 1584 1068 1617 pati,

749 1618 833 1653 Ecce,
855 1622 924 1646 sunt
941 1621 1045 1655 parati,

711 1655 892 1692 Septiformis
911 1658 1006 1692 gratia

749 1693 875 1729 Spiritus
899 1694 993 1722 induti

712 1730 831 1758 Certant
849 1740 900 1767 pro
921 1733 1035 1759 iustitia

751 1769 879 1796 caelitus
899 1769 1000 1797 adiuti.

266 1812 304 1840 20
329 1813 389 1851 [fol.
412 1812 463 1842 181
472 1812 512 1850 b].
551 1816 622 1843 Drei
641 1816 757 1843 weitere
777 1814 837 1843 ΑΑ;

267 1861 301 1888 A.
324 1862 389 1889 Viri
408 1861 495 1889 fortes
514 1862 683 1890 Maccabaei
990 1865 1156 1901 Impetretis
1175 1868 1289 1902 gratiae

321 1899 377 1926 Pro
397 1899 539 1926 servanda
557 1900 622 1935 lege
639 1900 697 1927 Dei
1028 1903 1120 1931 Nobis
1141 1904 1248 1931 donum
1263 1905 1331 1932 Dei.

320 1937 404 1963 Pati
425 1937 490 1964 dira
508 1938 636 1972 corporis

321 1975 477 2001 Tormenta
496 1976 564 2001 sunt
581 1975 712 2009 parati.
936 1959 971 1985 A·
996 1958 1209 1988 consummatis
1228 1960 1299 1988 fflfis

994 1995 1131 2024 Confecta
1150 1999 1303 2033 suppliciis

265 2029 299 2056 A.
324 2031 347 2058 O
369 2032 525 2065 martyrum
544 2031 696 2066 primitiae,
994 2034 1089 2062 Mater
1109 2037 1215 2071 migrat
1234 2037 1270 2063 ad
1294 2045 1431 2065 coronam

358 2067 458 2095 Sancti
477 2068 653 2102 Maccabaei,
996 2071 1114 2099 Cunctis
1138 2075 1205 2108 post
1224 2082 1256 2101 se
1275 2074 1371 2102 laudis
1393 2075 1498 2104 bonam

321 2105 378 2132 Pro
398 2105 460 2133 zelo
480 2106 610 2133 iustitiae
992 2109 1170 2143 Relinquens
1193 2113 1345 2140 materiam

363 2141 478 2170 Strenui
497 2143 607 2176 Iudaei,
993 2145 1033 2173 Et
1053 2149 1215 2182 exemplum
1234 2149 1308 2177 forte

319 2180 412 2207 Mirae
431 2181 597 2216 patientiae,
993 2183 1123 2212 Merendj
1142 2189 1312 2222 perpetuam

358 2217 421 2245 Viri
440 2225 562 2254 magnae
582 2219 653 2253 spei,
990 2221 1090 2249 Vitam
1109 2223 1192 2251 brevi
1212 2228 1313 2253 morte.

340 2290 753 2338 1603Ma0hut12episeopi
781 2297 809 2321 et
835 2296 1022 2330 confessoris,
1050 2296 1092 2325 15.
1114 2299 1187 2326 Nov.
1208 2296 1270 2334 [fol.
1292 2298 1372 2338 73a].
1415 2303 1487 2332 Vier
1514 2305 1558 2333 als

265 2327 314 2357 ΑΑ
334 2330 517 2358 bezeichnete
536 2331 702 2365 D1stichen,
724 2341 787 2360 zum
807 2333 873 2361 Teil
891 2333 955 2361 dem
976 2334 1110 2369 Hymnus
1131 2336 1181 2364 des
1201 2337 1378 2368 Fortunatus
1398 2341 1484 2372 Anal.
1505 2344 1549 2371 XI

265 2368 317 2396 ΝΥ.
337 2364 392 2395 365
416 2367 546 2395 entlehnt
563 2369 623 2396 und
642 2371 697 2397 mit
713 2370 838 2398 Fehiern
856 2372 1007 2406 versehen,
1030 2373 1077 2402 die
1095 2373 1160 2402 hier
1180 2375 1330 2405 belassen:
1551 2364 1558 2378 ⁷
