1655 2534
440 229 487 256 Ad
506 229 689 257 Benedictus.

262 288 301 320 A.
332 285 410 318 Cum
433 295 560 317 numero
584 286 783 325 prudentum,

333 333 478 373 Virgines
498 333 618 372 beatae,
643 341 791 373 sponsum
809 340 877 363 ves-

654 382 737 410 trum

1071 228 1118 260 In
1144 229 1174 261 2.
1201 225 1422 266 Vesperis.

1125 293 1171 320 Ad
1189 290 1368 327 Magnificat.

935 351 976 383 A.
1007 348 1210 390 Magnificam
1235 348 1402 381 Dominum

334 428 396 459 Pro
405 427 495 458 nobis
503 426 657 458 Christum
665 425 876 464 interpellate,

333 473 379 506 Ut
409 473 450 505 ad
475 473 589 504 amoris
614 473 662 503 sui
688 471 878 503 desiderium

333 520 462 551 Excitet
475 519 646 551 dormitans
660 527 713 550 cor
726 521 877 560 nostrum,

335 566 384 598 Ne
407 575 474 605 nos,
501 565 584 604 quod
607 565 791 597 intercessio

1009 397 1122 429 Omnes
1147 395 1205 428 filii
1229 396 1399 432 hominum,

1008 444 1103 476 Cuius
1129 446 1178 474 est
1203 442 1408 478 fortitudinis,

1007 490 1041 522 Si
1065 490 1165 522 vincit
1187 490 1292 529 pulvis
1319 491 1351 519 et
1375 488 1472 527 cinis3

1006 537 1088 568 Nam
1112 538 1255 568 nostrum
1277 538 1334 575 est,
1360 536 1386 566 si
1404 535 1555 574 perimus,

1007 584 1118 623 Tuum,
1147 582 1281 621 Christe,
1308 582 1335 613 si
1360 582 1522 614 vincimus.

334 614 447 644 Vestra
471 611 646 651 prohibeat,

332 659 384 690 Ad
401 659 525 690 ianuam
546 661 669 689 vestrae
686 657 877 697 receptionis

333 705 428 737 Velut
447 704 549 736 fatuas
574 704 703 736 nesciat.

1008 630 1108 661 Vince
1130 630 1214 660 mala
1236 628 1367 660 firmans
1391 629 1485 668 bona,

1008 677 1053 710 Ut
1078 686 1147 707 cum
1171 676 1231 709 hae
1256 675 1412 715 virginum
1438 675 1533 707 turba

1008 724 1102 757 caelo
1128 723 1222 755 simul
1248 731 1482 762 conregnemus,

1006 771 1144 809 Quarum
1168 770 1283 809 palmis
1310 771 1552 810 congaudemus.

335 834 457 861 Viaticu=
488 842 540 860 ms.
560 834 699 861 Iohannis
719 834 915 861 Noriforensis
935 843 977 862 ca.
995 833 1076 862 1360.
1093 834 1160 862 Cod.
1174 834 1250 861 Mus.
1265 833 1382 861 Bohem.
1398 842 1420 860 s.
1435 843 1455 860 n
1468 834 1503 861 A.

262 874 345 900 Brev.
370 880 422 898 ms.
448 872 683 906 Pedepontanum
708 872 777 898 anni
803 869 883 899 1398.
915 872 983 899 Cod.
1013 872 1142 899 Meliten.
1168 872 1290 906 Pragen.
1311 870 1337 898 ὃ.
1358 872 1390 898 Β.
1412 886 1449 890 -
1468 872 1553 898 Brev.

262 919 314 937 ms.
336 910 527 936 Gracoviense
545 917 620 935 saec.
636 907 679 935 15.
706 908 774 936 eod.
789 909 881 944 Capit.
898 910 1065 937 Craeovien.
1079 907 1124 936 24.
1140 908 1170 936 C.
1191 924 1221 928 —
1236 909 1319 936 Brev.
1332 917 1384 935 ms.
1398 909 1552 945 Aug-nstin.

261 947 379 975 Bohem.
409 955 483 973 saec.
512 945 555 973 15.
583 945 650 973 Cod.
677 945 837 973 Londinen.
865 947 948 974 Harl.
975 944 1057 974 2988.
1083 947 1120 973 D.
1140 961 1177 965 —
1195 946 1314 981 Antiph.
1334 955 1386 973 ms.
1405 946 1554 982 Augiense

262 992 337 1012 saec.
364 982 407 1010 12.
434 983 501 1010 Cod.
529 982 731 1010 Carolsruhan.
756 983 828 1018 Aug.
856 982 900 1011 60.
920 985 955 1012 E.
975 999 1013 1003 —
1034 985 1116 1011 Brev.
1137 992 1189 1010 ms.
1210 984 1457 1019 Lamprechtense
1477 992 1552 1011 saec.

263 1020 306 1049 13.
328 1020 396 1047 Cod.
416 1021 553 1048 Graecen.
576 1018 636 1047 134.
659 1021 690 1047 F.
712 1034 749 1038 -
769 1021 852 1048 Brev.
871 1030 922 1048 ms.
944 1022 973 1049 S.
987 1022 1140 1049 Trinitatis
1158 1021 1305 1048 Pictaven.
1327 1030 1402 1048 saec.
1422 1020 1465 1048 15.
1483 1021 1552 1048 Cod.

263 1059 374 1086 semin.
402 1058 548 1084 Pictaven.
577 1066 599 1084 s.
625 1067 653 1084 n.
680 1057 713 1085 G.
740 1071 777 1075 —
803 1058 886 1085 Brev.
910 1059 1153 1086 Wratislaviense
1175 1060 1245 1093 imp.
1272 1067 1295 1085 s.
1321 1059 1339 1085 1.
1362 1062 1391 1085 et
1411 1067 1436 1085 a.
1458 1060 1495 1086 H.
1515 1073 1551 1077 -—

262 1097 344 1124 Brev.
371 1095 565 1130 Zagrabiense
590 1096 658 1130 imp.
685 1095 816 1121 Venetiis
842 1093 922 1123 1511.
946 1097 969 1123 1.
997 1112 1011 1116 -
1060 1097 1142 1123 Brev.
1162 1096 1311 1131 Pragense
1328 1097 1398 1131 imp.
1419 1097 1552 1123 Venetiis

263 1132 334 1161 1517
362 1133 398 1160 K.
418 1132 662 1196 —AEFGGhaben
681 1133 876 1160 monastische
890 1134 1070 1169 Anordnung·
1083 1133 1132 1160 des
1147 1133 1273 1161 Ganzen.
1287 1147 1325 1151 -—
1336 1134 1377 1160 In
1393 1132 1417 1160 1.
1430 1134 1528 1169 Vesp
1545 1142 1551 1158 :

260 1171 359 1206 Super.
379 1170 427 1197 Ps.
489 1170 520 1196 in
574 1178 580 1194 :

708 1226 797 1253 Adest
816 1227 900 1254 nobis
926 1227 1061 1254 annualis

708 1264 858 1291 Gaudiosa
877 1265 1052 1297 iucunditas,

708 1301 800 1328 Adest
819 1310 964 1329 sacrarum
983 1303 1130 1337 virginum

709 1339 845 1366 Gloriosa
866 1339 1056 1372 sollemnitas,

709 1376 790 1409 Quae
809 1385 860 1411 pro
882 1377 996 1404 Christo

710 1413 770 1440 Sua
789 1421 910 1449 corpora
929 1414 1111 1441 tradiderunt

708 1451 750 1477 Et
771 1458 892 1478 coronas
912 1454 1065 1487 perpetuas

711 1487 769 1514 Suo
790 1488 931 1524 sanguine
950 1492 1123 1522 meruerunt,

710 1525 789 1557 Quas
808 1525 879 1552 felix
899 1526 1023 1553 Colonia

707 1562 843 1589 Possidet
860 1571 925 1589 cum
943 1563 1045 1597 gloria,

710 1599 845 1633 Quarum,
861 1599 982 1633 Christe,
999 1609 1180 1635 quaesumus,

711 1635 862 1672 suffragiis
883 1639 911 1664 et
929 1638 1063 1672 precibus

710 1671 867 1709 Iungamur
887 1675 935 1710 pie
953 1675 1069 1710 gaudiis

713 1710 902 1739 Caelestibus.

266 1766 293 1793 D
314 1765 366 1791 hat
383 1765 414 1790 in
435 1762 459 1791 1.
479 1764 566 1798 Vesp.
586 1762 603 1791 5
624 1763 681 1798 ΑΑ,
701 1766 840 1793 namlich:
862 1766 913 1794 Sol
932 1777 1024 1795 novus
1045 1770 1081 1797 ab
1102 1770 1202 1797 insula
1221 1772 1281 1797 eto:
1303 1768 1321 1796 2
1334 1771 1460 1798 Istamrn
1473 1772 1560 1798 colle-

265 1804 329 1838 g103
349 1799 367 1828 3
386 1802 482 1837 Digne
505 1801 632 1837 gaudent
649 1802 794 1838 homines3
814 1803 833 1831 4
847 1803 925 1832 Istae
937 1807 1000 1842 regi
1012 1806 1136 1841 gloriae,
1158 1806 1175 1834 5
1191 1808 1272 1841 Quae
1293 1808 1362 1835 dum
1378 1810 1437 1844 piis
1455 1810 1560 1836 menti-

267 1841 330 1867 bus.
369 1839 434 1873 Vgl.
452 1839 509 1865 alle
528 1837 545 1866 5
566 1837 613 1865 ΑΑ
634 1840 717 1867 Anal.
738 1841 772 1867 V.
792 1851 819 1877 p.
841 1840 908 1870 240:
929 1857 966 1862 —
991 1844 1016 1870 B
1038 1844 1090 1871 hat
1107 1845 1256 1881 folgendes
1277 1844 1313 1872 R:

712 1887 856 1922 Plaudite,
878 1891 957 1917 astra
975 1891 1117 1926 polorum,

713 1926 807 1952 Tanto
828 1927 951 1962 collegio
973 1928 1077 1956 florum

752 1963 876 1999 Fulgide
898 1968 1015 2000 ornata3

713 2000 736 2028 O
757 2000 843 2028 decus
863 2002 1040 2037 angelorum,

712 2037 773 2065 Nos
792 2038 885 2066 laetos
906 2040 961 2067 duc
981 2041 1018 2067 ad
1035 2041 1139 2069 horum

717 2074 883 2103 Gloriosum
902 2077 1022 2105 chorum

751 2113 787 2139 In
806 2122 896 2150 regna
914 2115 1010 2142 beata.

658 2150 693 2177 V.
715 2148 787 2177 Post
802 2151 940 2179 Ursulam
958 2156 1071 2188 gratam

750 2188 927 2217 adducentur
945 2191 1009 2224 tibi,
1031 2190 1152 2225 Christe,

718 2226 923 2254 Britannorum
942 2231 1050 2264 natam,

750 2264 895 2299 gloriosae
912 2267 1042 2302 virg-ines
1063 2268 1145 2295 istae.

267 2309 311 2335 In
333 2305 357 2334 1.
382 2307 431 2334 No
439 2310 494 2335 ct.:
518 2309 613 2336 haben
627 2309 674 2337 die
692 2312 907 2340 monastischen
919 2314 989 2341 Hss.
1004 2312 1020 2341 6
1035 2314 1083 2348 ΑΑ,
1103 2316 1231 2344 niimlich
1251 2318 1349 2345 ausser
1368 2319 1423 2346 den
1437 2320 1499 2348 drei
1513 2321 1564 2349 der

269 2347 363 2373 ersten
380 2345 455 2372 noch
480 2346 527 2374 die
552 2347 602 2374 der
626 2349 747 2376 zweiten
771 2350 910 2377 Nectum.
935 2351 955 2377 Α
983 2350 1008 2385 1,
1035 2350 1052 2378 2
1081 2354 1243 2389 virgineum
1264 2356 1301 2383 K.
1327 2372 1364 2376 —
1388 2357 1407 2383 Α
1427 2356 1454 2391 2,
1477 2357 1492 2385 1
1514 2359 1564 2387 Sol

268 2382 351 2411 fulsit
375 2391 409 2411 ex
427 2383 464 2417 D,
484 2384 553 2412 Flos
573 2385 657 2413 fulsit
674 2387 705 2413 in
725 2387 760 2414 K.
780 2402 818 2406 —
838 2387 857 2413 Α
878 2386 904 2424 2,
924 2387 943 2416 4
962 2394 1147 2427 praeceptum
1166 2393 1287 2421 Domini
1305 2394 1381 2422 A-K.
1401 2411 1436 2415 —
1460 2394 1480 2423 R
1502 2395 1529 2431 2,
1547 2396 1565 2425 2
