1655 2534
343 197 403 230 Ad
426 194 690 229 Matutinum.

415 279 626 307 Invitatorium.

281 338 321 370 In
344 339 515 376 martyrum
540 334 673 367 victoria

284 383 461 416 Laudemus
485 391 589 422 regem
614 381 740 421 gloriae,

284 431 377 463 Cuius
402 429 574 469 triumphat
598 427 699 468 gratia

283 477 325 508 Et
350 480 516 509 coronatur
539 475 642 507 hodie.

341 618 385 649 In
412 616 441 648 1.
467 614 696 647 NocturnO.

424 696 615 732 Antiphonae.

248 779 256 789 .
281 755 331 788 De
354 755 466 795 vagina
490 754 628 793 gentium

280 802 440 834 Evocatur
463 801 544 840 legio

281 849 343 880 Per
368 848 504 880 edictum
528 848 648 887 regium

281 895 370 927 Duce
394 895 451 925 sub
476 894 639 927 MauritiO.

251 977 257 985 .
282 950 438 983 Ascendit
460 950 695 990 lerosolymam,

287 997 449 1030 Culturam
473 996 609 1036 spondet
629 995 778 1034 optimam

284 1044 328 1075 Et
351 1046 455 1075 mente
478 1043 574 1074 sumit
597 1041 695 1074 alacri

285 1090 412 1130 Signum
439 1089 581 1121 caelestis
606 1089 735 1120 lavacri.

252 1170 260 1179 .
286 1146 404 1178 Pellem
428 1147 597 1177 commutat
620 1144 774 1181 Aethiops

281 1192 326 1223 Et
349 1192 467 1231 pardus
492 1192 583 1231 ponit
605 1190 735 1232 varium,

285 1238 419 1270 Ditesoit
444 1246 565 1277 pauper
589 1240 621 1269 et
644 1237 735 1276 inops

282 1286 320 1317 In
346 1285 448 1326 gratia
473 1284 664 1316 caelestium.

253 1366 260 1374 .
287 1340 436 1373 Procedit
455 1348 546 1372 sacra
568 1339 649 1380 legio

286 1386 435 1419 Terribili
460 1386 599 1426 collegio,

284 1433 462 1465 Virtutibus
487 1435 520 1464 et
543 1433 662 1464 viribus

284 1480 461 1511 Tremenda
484 1479 548 1511 suis
573 1478 724 1512 hostibus,

254 1563 259 1568 .
285 1535 445 1568 Firmatur
468 1535 532 1566 fide
557 1534 679 1573 plenius

286 1582 316 1612 A
339 1582 479 1614 Romano
504 1580 661 1620 pontifice,

287 1629 375 1660 Iurat
399 1631 483 1659 stare
506 1626 631 1658 fidelius

284 1674 364 1714 Regi
389 1675 496 1714 reique
517 1673 672 1713 publicae.

259 1754 266 1763 .
292 1730 528 1762 Transmittitur
552 1730 593 1761 ad
619 1728 739 1760 Gallias

287 1776 371 1808 Hinc
395 1777 475 1816 legio
500 1784 570 1807 cum
593 1777 738 1815 Caesare,

289 1822 352 1855 Sed
377 1822 502 1863 profani
523 1822 665 1854 vesanias

290 1869 441 1902 Profanat
464 1871 537 1902 voto
563 1869 698 1909 dispare.

426 1953 629 1988 Responsoria.

256 2035 263 2043 .
287 2011 383 2050 Regis
410 2011 510 2041 cultus

339 2057 449 2089 castris
473 2057 669 2097 proponitur,

289 2104 349 2135 Dei
373 2104 477 2137 vultus

336 2151 404 2191 regi
426 2150 642 2191 praeponitur,

290 2197 368 2235 Quia
389 2206 449 2228 non
475 2197 519 2229 dii

338 2244 393 2276 sed
418 2244 503 2275 Deus
529 2245 659 2283 colitur3

239 2292 253 2321 ⁷,
288 2290 397 2323 Fortis
420 2294 457 2322 ut
476 2300 563 2322 mors
589 2290 726 2331 dilectio,
753 2291 835 2322 dura

288 2337 370 2370 sicut
392 2337 542 2378 iwfemus
567 2337 753 2371 aemulatio.

833 95 881 131 64

926 113 974 120 ...-

898 192 930 223 2.
957 188 1046 221 Sacri
1071 189 1166 221 duces
1193 189 1224 220 et
1248 186 1376 228 egregii,

957 235 1025 268 Viri
1049 235 1148 268 fortes
1173 239 1205 267 et
1229 233 1346 273 eximii,

954 282 1095 315 Horrent
1118 283 1221 314 scelus
1246 280 1424 323 sacrilegii3

884 329 922 361 V.
952 328 1035 370 Quos
1058 330 1191 362 redemit
1206 329 1245 361 de
1259 337 1363 360 ‘manu
1378 326 1506 359 inimici

956 378 984 408 et
1008 377 1045 408 de
1067 377 1250 416 reqiom'bus
1276 374 1490 415 conpreyavz't.

895 442 927 474 3.
952 442 1047 475 Furit
1072 442 1200 483 Caesar,

1003 489 1045 520 ad
1070 497 1178 520 necem
1203 488 1333 528 impiam

956 534 1076 567 Sternit
1099 535 1185 567 viros

1003 584 1036 613 et
1060 582 1165 614 caedit
1187 582 1334 623 hostiam,

956 628 1062 661 Servit
1082 628 1193 660 nolens

1003 675 1045 706 ad
1068 674 1130 707 Dei
1153 674 1296 715 gloriam.

886 723 923 754 V.
957 719 1019 754 Gor
1034 721 1117 762 reyis
1129 721 1166 753 in
1177 730 1280 753 manu
1290 721 1445 760 Domini5
1463 728 1509 752 αα

955 769 1174 812 quodcumque
1216 767 1369 811 voluerit,
1411 767 1505 800 incli-

951 815 1044 847 nabit
1065 814 1163 847 tibica.

897 882 927 914 4.
953 881 1032 920 Regi
1058 884 1162 912 terrae

999 929 1155 959 mactatur
1180 927 1317 968 victima,

955 974 1036 1013 Regi
1061 974 1140 1006 caeli

1005 1019 1147 1052 defertur
1172 1020 1287 1061 anima,

954 1067 1038 1099 Dum
1062 1067 1097 1099 fit
1122 1067 1191 1099 Deo

1007 1113 1145 1146 decimus
1172 1114 1304 1146 decima.

886 1160 923 1194 V.
952 1160 1059 1193 Nolite
1082 1159 1193 1192 timere
1217 1169 1284 1203 eos,
1312 1160 1369 1200 qui
1393 1168 1508 1200 corpus

957 1207 1115 1247 occidunt,
1143 1207 1291 1239 animam
1315 1208 1423 1240 autem
1441 1216 1508 1238 non

949 1257 1089 1293 possum
1113 1254 1262 1287 occidere.

1017 1413 1066 1444 In
1091 1414 1122 1445 2.
1147 1414 1205 1445 No
1219 1414 1378 1445 cturno.

1100 1504 1296 1540 Antiphonae.

929 1606 937 1612 .
962 1581 1031 1613 Deo
1058 1581 1166 1612 dilecti
1189 1581 1350 1621 principes

960 1627 1043 1659 Suae
1066 1627 1161 1659 sortis
1183 1628 1356 1668 participes

959 1673 1083 1706 Turbas
1108 1675 1286 1707 accendunt
1311 1674 1446 1707 fortibus

959 1720 1122 1760 Exemplis
1149 1724 1180 1752 et
1205 1721 1411 1754 sermonibus.

927 1810 932 1816 .
959 1786 1193 1818 commilitones
1217 1787 1328 1826 optimi

959 1833 1004 1864 Et
1027 1834 1165 1865 athletae
1189 1833 1365 1873 fortissimi,

958 1878 1091 1911 Hostem
1116 1881 1276 1912 vincamus
1301 1880 1429 1914 fort-iter

959 1926 1003 1957 Et
1026 1930 1201 1964 perstemus
1225 1927 1372 1960 viriliter.

927 2015 934 2022 .
961 1991 1211 2023 Gorroborentur
1234 1992 1340 2033 animi,

962 2038 1134 2069 Armentur
1157 2037 1222 2070 fide
1244 2043 1385 2079 pectora,

960 2084 1004 2116 Et
1027 2088 1132 2116 mente
1155 2085 1223 2117 Deo
1247 2087 1387 2125 proximi

958 2130 1037 2162 Neci
1062 2131 1223 2164 tradamus
1250 2141 1396 2173 corpora.

904 2197 937 2229 4.
965 2196 1108 2228 Christus
1134 2206 1242 2231 amans
1262 2201 1442 2239 passionem

962 2243 1110 2276 Formam
1137 2244 1226 2277 dedit
1248 2246 1376 2286 legioni,

962 2290 1007 2322 Et
1031 2291 1191 2323 detestans
1212 2292 1364 2325 ultionem

963 2337 1086 2370 Obtulit
1108 2347 1143 2369 se
1166 2340 1316 2378 passioni.
