1655 2534
707 182 751 189 ..-
800 160 963 195 130—-

393 259 596 295 Responsoria.

203 318 234 350 1.
259 318 343 351 Vere
369 316 432 348 dux
455 324 553 347 novus
579 315 704 351 dicitur,

260 365 322 396 Per
349 371 440 403 quem
464 361 554 401 plebs
578 368 710 401 sequens
733 368 806 399 pas-

583 408 673 445 citur,

263 456 365 490 Glaris
389 455 541 486 lustratur
564 453 701 486 moribus

259 501 374 535 Mundi
397 501 511 541 spretis
535 500 725 539 honoribus;

192 550 228 581 V.
259 549 402 581 Honores
426 546 534 578 mundi
557 546 679 587 fugiens

262 596 406 627 Summae
429 593 597 625 cathedrae
621 592 730 624 vertici

265 641 368 674 Cessit
391 641 473 671 sicut
495 639 544 671 vir
569 639 696 679 cupiens

261 688 331 719 Non
357 694 503 725 praeesse
527 687 582 717 scd
607 684 718 718 subici.

204 745 236 776 2.
261 743 322 774 Hic
346 742 489 781 simplex,
515 744 629 781 rectus,
653 740 788 780 humilis,

260 789 321 821 Dei
347 788 447 819 cultor
471 786 624 829 amabilis,

260 836 348 867 Inter
372 834 507 866 adversa
531 834 664 873 patiens,

260 883 348 914 Inter
371 888 524 920 prospera
547 880 692 920 sapiens3

194 928 232 959 V.
261 927 324 959 Hic
347 927 474 958 attritus
497 926 621 957 ieiuniis

260 974 304 1006 Et
327 973 465 1004 intentus
490 972 615 1013 vigiliis,

261 1020 414 1051 Devotum
440 1018 559 1050 habens
584 1018 740 1057 spiritum,

264 1066 413 1098 Ordinem
437 1064 513 1096 fecit
535 1065 686 1097 inclitum.

207 1122 237 1153 3.
264 1121 365 1159 Supra
388 1123 511 1158 petram
535 1120 686 1152 ecclesiae

264 1168 375 1199 Petrus
401 1167 526 1198 divinae
549 1167 669 1206 gratiae

263 1213 368 1244 Novat
390 1212 423 1244 in
446 1213 549 1244 saeclo
573 1216 716 1252 tempora

260 1258 421 1298 Religione
445 1259 545 1300 socia,

194 1304 231 1336 V.
263 1305 566 1344 Magnum,adauxit
589 1313 751 1337 numerum

262 1351 410 1383 Fratrum
434 1354 542 1383 sancte
563 1351 749 1394 degentium,

264 1398 358 1430 Cuius
383 1397 450 1429 laus
476 1397 515 1429 ab
538 1397 673 1430 infantia

261 1444 368 1476 Currit
391 1452 450 1483 per
474 1443 559 1476 orbis
586 1445 721 1478 climata.

208 1501 239 1531 4.
265 1499 346 1531 Dum
371 1499 567 1538 paupertatis
592 1500 740 1532 scrinium

266 1546 376 1576 Petrus
403 1545 451 1577 vir
474 1549 600 1577 sanctus
627 1547 738 1589 diligit,

266 1592 317 1623 Ad
341 1591 487 1630 egestatis
512 1592 650 1623 studium

266 1637 365 1669 Natos
390 1640 512 1668 notatos
537 1638 638 1680 erigit,

267 1684 348 1722 Quos
372 1684 413 1715 ad
438 1684 599 1716 vitandum
624 1685 732 1718 vitium

265 1730 453 1761 Divitiarum
479 1730 604 1773 dirigit,

198 1776 235 1808 V.
264 1776 464 1815 Paupertatis
487 1776 593 1817 inopia

266 1822 357 1855 Ditat
379 1821 481 1861 ipsum
503 1822 536 1854 in
560 1824 673 1863 patria⁷

266 1869 348 1900 Illuc
372 1867 458 1900 felici
483 1870 573 1908 copia

269 1915 391 1947 Fruens
417 1917 464 1947 est
487 1915 598 1954 plenus
621 1916 731 1956 gloria.

355 2026 400 2058 In
423 2027 650 2062 Laudibus,

410 2100 606 2136 Antiphonae.

212 2157 241 2188 1.
267 2157 331 2188 Hic
355 2157 403 2189 vir
428 2157 569 2189 decorem
594 2159 698 2192 induit

267 2203 312 2235 Et
335 2204 454 2236 moveri
477 2213 540 2237 non
563 2206 675 2246 potuit,

316 2250 412 2288 Quem
436 2251 523 2282 auxit
546 2251 709 2294 fortitudo,

268 2297 292 2329 O
316 2296 420 2338 Patre,
446 2298 626 2331 testimonia

268 2342 336 2374 Tua
359 2347 432 2376 sunt
456 2345 630 2385 credibilia,

314 2390 362 2422 Te
386 2391 477 2423 decet
499 2393 688 2431 sanctitudo.

876 256 908 287 2.
932 253 1049 285 Laetus
1073 252 1106 284 in
1132 251 1228 284 caelis
1252 249 1366 282 iubilat

932 300 978 332 Et
999 300 1084 331 inter
1107 301 1233 331 sanctos
1259 297 1378 339 rutilat,

981 346 1060 386 Quia
1082 346 1184 378 laetus
1209 343 1348 387 servivit,

932 393 984 425 Ab
1010 393 1129 433 angelis
1154 391 1308 431 recipitur

933 440 977 472 Et
1000 442 1084 472 inter
1109 448 1161 471 eos
1185 438 1323 479 ponitur,

980 486 1064 519 Dum
1089 487 1192 518 caelos
1215 484 1370 516 introivit.

876 544 907 576 3.
932 542 986 574 Ad
1010 546 1052 582 te,
1083 541 1180 581 Deus,
1205 541 1258 572 hic
1281 539 1394 579 vigilat

931 589 984 631 Et,
1011 597 1092 629 quae
1108 590 1182 619 sunt
1196 586 1316 628 mundi,
1341 585 1484 625 ventilat,

979 636 1137 668 Bonorum
1162 640 1397 674 pauperumque

932 682 987 713 Fit
1010 681 1213 721 plurimorum
1239 680 1361 711 medius

933 729 977 760 Et
1000 728 1215 768 paenitentum
1239 727 1342 758 socius

979 775 1037 808 Pie
1059 775 1170 807 iuvans
1194 776 1369 813 utrumque.

877 834 907 865 4.
932 831 1080 863 Educens
1107 831 1146 862 de
1170 830 1355 870 pulveribus

934 877 1065 910 Induxit
1089 885 1159 908 cum
1180 876 1388 917 principibUS,

986 925 1063 957 Cum
1068 924 1153 955 hunc
1159 925 1298 955 sanetum
1307 922 1487 963 assumpsit,

934 971 998 1003 Sed
1025 970 1098 1002 dum
1122 970 1256 1002 honores
1281 969 1418 1003 abdicat.

936 1016 977 1048 Se
1000 1017 1080 1049 nihil
1105 1025 1174 1048 esse
1197 1016 1329 1056 indicat,

982 1063 1065 1095 Nam
1089 1072 1123 1094 se
1147 1064 1310 1103 pulverem
1331 1062 1418 1101 legit.

878 1121 909 1152 5.
934 1119 1084 1151 Laudans
1106 1119 1248 1151 laudavit
1273 1118 1442 1150 Dominum

937 1165 981 1196 Et
1005 1174 1211 1205 supernorum
1235 1165 1392 1203 agminum

984 1212 1115 1244 Laetam
1139 1212 1331 1251 societatem,

934 1258 1020 1297 Laus
1043 1258 1104 1289 sibi
1128 1266 1253 1297 semper
1277 1257 1391 1300 adfuit,

934 1304 985 1336 Ex
1011 1314 1071 1344 quo
1096 1305 1213 1337 habere
1236 1305 1353 1336 meruit

985 1351 1073 1384 Caeli
1097 1350 1291 1385 felicitatem.

1054 1453 1099 1480 Ad
1118 1453 1301 1481 Benedictus.

866 1529 908 1560 A.
939 1528 964 1560 Ο
989 1529 1097 1566 Petre,
1121 1532 1215 1569 petra
1238 1529 1350 1570 solida,

938 1574 1045 1606 Verba
1068 1575 1256 1614 depromens
1280 1577 1396 1614 lucida,

985 1622 1031 1653 Te
1055 1623 1180 1654 ornavit
1202 1623 1333 1662 spiritus

1033 1668 1174 1701 Mentem
1198 1669 1325 1708 replens
1352 1670 1446 1713 dono,

938 1714 987 1746 Tu
1010 1723 1042 1746 es
1067 1717 1157 1747 testis
1182 1717 1398 1756 praevaliduS,

939 1760 1037 1799 Quem
1062 1762 1147 1794 zelus
1172 1766 1299 1795 sanctus
1325 1763 1470 1797 fervidus

988 1809 1156 1848 Goaptavit
1181 1810 1311 1842 caelitus

1033 1855 1230 1896 Sempiterno
1255 1857 1348 1890 bono.

1011 1996 1058 2027 In
1082 1998 1113 2028 2.
1140 1997 1359 2037 Vesperis.

1059 2096 1104 2123 Ad
1126 2099 1304 2136 Mag-nificat.

873 2162 912 2193 A.
944 2162 1047 2206 Salve,
1074 2164 1177 2204 Petre,
1203 2169 1296 2206 pater

975 2210 1124 2262 patriae,
1142 2213 1198 2244 lux
1215 2212 1319 2247 forma
1330 2216 1494 2261 bonorum,

946 2255 1079 2288 V1rtutis
1104 2260 1275 2301 speculum,

991 2303 1071 2334 recti
1095 2304 1156 2345 via,
1181 2307 1291 2346 regula
1315 2318 1447 2354 morum,

945 2348 1055 2381 Carnis
1080 2350 1120 2382 ab
1146 2353 1258 2385 exsilio

992 2396 1053 2436 duc
1075 2406 1133 2438 nos
1157 2400 1196 2431 ad
1223 2401 1289 2437 alta
1310 2404 1466 2443 polorum.
