1655 2534
703 69 957 104 —197—

252 162 334 194 Nam
359 163 393 195 in
418 164 509 196 bonis
534 168 602 196 erat
628 166 656 196 ei

295 209 437 243 Affectus
461 211 663 251 praecipuus.

215 291 222 299 .
250 266 354 299 Corde
378 266 447 299 Deo
473 268 605 299 credens
632 271 710 308 erat,

295 313 385 352 Quod
409 314 607 346 monstrabat
632 323 738 356 opere,

250 360 401 392 Omnibus
426 360 606 393 sufficiebat

295 407 370 446 Ipse
395 408 480 439 solus
504 416 644 448 munere,

249 454 319 485 Rex
345 459 414 486 erat
439 457 471 486 et
495 455 709 495 praedicator,

295 500 403 539 Dupla
429 502 507 533 dans
532 502 703 543 stipendia,

250 547 346 580 Unde
371 556 504 589 corpore
527 551 717 589 praeceptor

298 593 462 626 Gauderet
484 598 514 626 et
539 596 662 638 anima3

213 667 220 674 .
251 642 288 673 In
315 641 430 673 divinis
456 642 616 673 studiosus

297 687 354 719 Vir
384 688 446 720 fuit
471 689 629 729 operibus,

248 734 365 766 Forma
390 736 514 775 quidem
541 736 712 774 speciosus,

297 781 401 820 Magis
425 786 531 813 tamen
555 782 704 813 moribus.

306 912 353 944 In
381 913 412 947 3.
438 912 669 945 Nooturno.

390 986 585 1022 Antiphonae.

217 1068 224 1075 .
250 1043 309 1075 Vir
333 1042 444 1075 beatus
469 1044 604 1082 pardum
628 1051 742 1083 nempe

297 1090 377 1121 Fert
400 1091 441 1122 ad
467 1090 572 1121 caulas
604 1089 707 1121 ovium

251 1136 296 1169 Et
319 1137 442 1168 leonem
468 1137 508 1168 ad
534 1145 708 1176 praesaepe

299 1183 395 1215 Bovis
420 1183 660 1221 ferocissimum,

252 1230 335 1262 Nam
359 1231 461 1268 minis,
488 1230 645 1273 precibus,
675 1230 765 1261 donis

298 1277 422 1317 Terret,
449 1278 576 1315 mulcet,
601 1277 712 1308 incitat

252 1325 382 1364 Pravos,
411 1325 513 1363 mites,
539 1333 646 1367 vanos,
673 1323 764 1355 bonis

302 1371 418 1403 Christi
444 1380 521 1411 quos
548 1370 683 1403 deificat.

219 1453 226 1460 .
253 1427 287 1459 Si
312 1427 403 1466 plebs
427 1428 490 1459 ista
512 1428 704 1467 suscepisset

299 1474 406 1506 Alium
434 1474 631 1515 discipulum,

252 1521 402 1553 Forsitan
429 1522 457 1553 ei
481 1522 619 1552 misisset

297 1568 384 1600 Deus
410 1568 566 1608 quendam
593 1568 699 1607 alium,

252 1614 314 1647 Sed
341 1615 470 1647 rebellis
495 1624 572 1655 gens
598 1618 630 1646 et
654 1613 756 1656 fortis,

301 1662 386 1694 Gens
411 1663 541 1703 grandis
567 1662 728 1701 audaciae,

256 1710 318 1742 Per
344 1709 482 1741 eiusdem
508 1710 611 1741 virum
636 1709 731 1740 sortis

300 1756 377 1787 Fuit
403 1757 509 1789 danda
533 1756 663 1796 gratiae.

224 1839 231 1847 .
257 1813 393 1853 Magnus
407 1813 539 1845 Samson
556 1813 597 1845 acl
612 1812 803 1844 domandum

299 1860 438 1892 Leonem
463 1860 652 1903 immittitur,

252 1907 414 1948 Hungaris
440 1908 481 1940 ad
505 1907 755 1948 praedicandum

298 1955 369 1987 Rex
393 1954 486 1988 fortis
512 1955 648 1996 eligitur,

251 2003 303 2036 Ex
328 2003 429 2035 leonis
455 2002 547 2035 fauce
571 2002 674 2034 mellis

299 2051 406 2083 Favus
431 2053 540 2091 gratus
565 2049 717 2089 nascitur,

250 2098 303 2130 Ex
327 2097 473 2139 Hungari
498 2106 553 2130 ore
579 2097 680 2129 dulcis

298 2145 368 2177 Deo
393 2146 462 2177 laus
488 2145 689 2186 exprimitur.

389 2220 595 2256 Responsoria.

216 2303 224 2311 .
249 2278 339 2310 Inter
364 2281 472 2310 cetera
495 2277 657 2309 laudanda

296 2325 429 2357 Virtutis
453 2325 589 2365 insignia

856 445 893 478 V.

870 642 901 674 2.

874 1793 905 1824 2.

872 2275 905 2306 4.

926 164 1103 197 Patientiae
1126 164 1273 196 miranda

971 211 1045 242 Fuit
1071 212 1120 243 illi
1144 211 1255 250 gratia,

924 258 1109 290 Emonstrat
1133 257 1217 297 quod
1243 257 1383 297 depilata

971 305 1150 343 Pauperum
1172 304 1335 344 protervia

926 351 1004 383 Eius
1028 351 1139 392 barba,
1167 351 1239 382 dum
1265 350 1381 382 collata

974 398 1054 429 Sunt
1078 399 1127 429 his
1153 396 1324 439 beneficia,

924 444 968 477 Et
990 445 1046 475 ille
1069 448 1145 476 tunc
1169 443 1231 475 fuit
1254 444 1355 475 laetus

974 491 1060 523 Dare
1085 492 1152 523 Deo
1177 491 1305 533 gratias,

927 539 990 571 Pro
1016 546 1075 577 quo
1103 539 1215 578 dignus
1241 540 1290 569 est
1315 538 1460 570 inventus

973 585 1045 616 Pati
1075 585 1291 618 contumeliae.

929 640 1052 672 Nobilis
1077 641 1177 681 stirpe
1202 649 1258 672 rex
1282 642 1418 679 sanctus,

975 687 1039 719 Sed
1064 687 1127 720 fide
1151 687 1297 727 nobilior,

930 733 1070 765 Caritate
1094 734 1260 766 roboratus

973 780 1018 812 Et
1040 781 1108 820 spei
1132 790 1195 812 non
1219 781 1392 819 immemor,

927 827 1097 865 Postquam
1112 836 1235 858 cursum
1250 826 1480 858 consummavit

975 874 1129 905 Praesens
1143 882 1295 913 spernens
1305 873 1477 915 saeculum,

930 920 1002 951 Iesu
1028 918 1152 951 Christo
1180 920 1413 951 commendavit

978 965 1157 998 Gloriosum
1182 966 1339 1007 spiritum,

929 1011 1072 1045 Offerunt
1096 1021 1188 1052 quem
1213 1013 1254 1044 ad
1281 1021 1418 1053 superna

975 1059 1169 1098 Angelorum
1194 1059 1330 1101 agmina,

929 1106 1144 1145 Regnaturum
1169 1107 1202 1137 in
1230 1110 1360 1137 aeterna

975 1152 1145 1185 Beatorum
1170 1153 1296 1195 patria,

928 1200 1016 1240 Rege
1043 1199 1104 1231 sibi
1130 1209 1189 1239 pro
1215 1199 1339 1232 sublato

979 1246 1028 1278 Pii
1052 1250 1195 1279 maerent
1219 1246 1372 1289 Hungari,

931 1293 994 1325 Sed
1021 1293 1141 1334 collega
1164 1303 1222 1333 pro
1249 1294 1362 1325 collato

979 1339 1070 1372 Cives
1096 1341 1234 1381 gaudent
1259 1340 1378 1373 caelici.

1027 1462 1071 1493 In
1096 1462 1323 1494 Laudibus

1072 1536 1269 1572 Antiphonae,

928 1593 1059 1626 Scandit
1083 1597 1210 1626 sanctus
1234 1594 1301 1626 alta
1326 1593 1404 1625 caeli

979 1640 1158 1680 Stephanus
1183 1641 1313 1681 palatia,

931 1688 961 1720 E
983 1689 1124 1728 parentis
1150 1691 1236 1720 sorte
1259 1688 1355 1729 primi

979 1735 1127 1768 Sublatus
1152 1735 1294 1769 occidua.

931 1791 1016 1823 Hinc
1039 1792 1177 1824 exsultat
1199 1792 1233 1823 in
1257 1791 1382 1824 excelso

984 1839 1136 1871 Caelestis
1160 1838 1275 1870 militia

932 1886 977 1917 Et
1002 1886 1123 1927 collega
1146 1895 1205 1926 pro
1231 1888 1379 1925 suscepto

983 1933 1051 1964 Deo
1076 1934 1186 1965 reddit
1211 1933 1342 1964 cantica.

935 1980 959 2012 O
988 1980 1130 2012 condicio
1153 1980 1300 2011 miranda

981 2031 1013 2059 et
1037 2026 1115 2059 felix
1140 2035 1199 2068 per
1224 2026 1338 2067 omnia,

934 2075 1012 2108 Cum
1037 2083 1057 2105 a
1080 2083 1177 2114 regno
1202 2072 1239 2105 fit
1263 2074 1305 2105 ad
1337 2082 1434 2113 regna

979 2122 1131 2153 transitus
1158 2121 1318 2161 caelestia,

934 2168 1009 2200 Cum
1035 2168 1128 2201 bonis
1154 2168 1377 2200 continuantur

980 2216 1115 2248 terrenis
1139 2215 1300 2248 caelestia.

931 2274 1092 2312 Pauperes
1120 2273 1202 2305 dono
1228 2272 1358 2304 iuvabat

976 2320 1070 2352 Nunc
1091 2320 1282 2363 pecuniario,
