1655 2534
699 148 954 184 —142—

558 244 594 271 R.
618 243 739 271 Gemma
758 240 833 269 caeli
850 249 1003 277 purpurea,

614 281 702 308 Vitae
719 281 865 307 nitescens
884 279 993 312 laurea,

614 318 785 345 Insistentes
804 318 874 344 tuae
891 316 982 349 laudi,

612 356 665 383 Pie
683 356 800 389 martyr,
820 363 873 381 nos
894 353 1007 387 exaudi,

557 393 593 420 V.
618 393 691 420 Posi:
707 393 788 418 vitae
807 392 903 419 clarae
921 392 1077 419 terminum

615 430 685 457 Cum
705 430 793 457 sociis
813 429 851 456 ad
869 429 1003 456 bravium

649 467 826 503 Tripudians
844 468 954 493 vocari.

179 515 238 541 Die
256 513 380 541 Prosula
403 514 457 541 hat
473 523 529 541 nur
547 514 582 540 A.
609 527 646 532 —-
669 513 711 540 In
729 513 856 540 Laud.:
877 509 900 538 Α
921 511 946 546 5,
969 511 984 539 1
1002 512 1136 540 Membra
1154 512 1240 539 datur
1259 512 1341 539 humi
1358 512 1413 539 HI.
1433 524 1471 529 -

178 552 196 579 1
213 551 266 578 hat
282 553 315 578 'm
336 552 428 578 Laud.
448 559 504 578 11111·
522 552 589 578 eine
606 549 639 583 Α,
660 550 708 577 die
726 552 816 582 erste;
835 550 884 577 die
902 550 1012 576 andern
1031 549 1148 576 verteilt
1166 557 1198 576 es
1217 550 1272 576 auf
1286 549 1335 575 die
1348 548 1470 576 kleinen

178 588 294 615 Horen
324 589 350 615 A
374 589 427 616 hat
444 597 500 615 nur
519 589 585 615 eine
605 589 706 623 eigene
731 587 749 612 Α
770 586 807 613 ad
825 588 968 621 Tertiam,
995 587 1078 613 nicht
1095 586 1142 612 fiir
1161 586 1210 613 die
1228 587 1338 613 andem
1359 585 1470 613 Horen.

181 626 260 653 Ganz
278 620 496 661 unvollstandig
514 627 555 652 ist
570 625 623 652 das
643 624 776 652 Officium
794 625 826 651 in
844 624 877 657 F,
894 624 946 651 das
966 624 1014 650 die
1025 623 1141 651 Rubrik
1159 623 1226 650 hat:
1248 624 1471 672 „Invitatorium

179 665 209 689 et
230 665 346 695 cuncta,
373 671 448 698 quae
471 662 520 689 1110
539 661 684 691 deficiunt,
703 662 777 689 fiant
794 661 830 689 de
851 662 995 688 communi
1016 661 1205 695 plurimorum
1224 669 1272 688 ma

178 700 221 726 Zu
246 699 353 726 diesem
376 699 508 727 Officium
527 699 654 734 gehdren
673 699 721 726 die
738 699 789 733 Hy
790 707 877 726 mnen
895 698 980 726 Anal-
1000 698 1051 732 IV3
1071 698 1123 725 Nr.
1143 696 1303 726 423—425.
1343 698 1386 725 Zu
1405 698 1471 725 dem

180 745 217 764 ers
223 739 273 763 ten
297 737 446 764 dex-selben
472 736 605 764 bemerkt
624 736 692 763 Cod.
716 736 851 764 03311100.
877 733 922 763 34.
947 744 1023 763 saec.
1052 733 1103 763 14:
1128 736 1228 771 „Ymp
1233 744 1298 763 nus
1318 736 1470 763 Domini

177 774 360 807 Eeynaldi
384 771 578 806 Abbatis‘ss
606 774 658 800 der
682 774 806 801 alsdann
832 773 907 801 auch
935 774 980 801 als
1000 772 1152 800 Verfaeser
1170 773 1222 800 der
1241 773 1350 800 andem
1366 773 1471 801 beiden

177 811 315 845 Hymnen
339 813 428 838 sowie
453 811 503 838 des
527 819 640 845 ganzen
722 811 860 848 ehdrigen
885 811 1033 839 Officiums
1057 811 1223 838 anzusehen
1248 811 1296 838 ist..
1336 810 1471 838 Gemeint

179 848 260 875 kann
286 857 342 875 nur
360 848 520 876 Reinaldus
546 856 605 875 von
626 848 706 876 Colle
723 849 753 875 di
771 848 871 876 Mezzo
890 847 1125 883 (Colomentanus
1146 847 1215 875 oder
1236 845 1471 881 Conmentarius)

179 886 250 918 sein,
272 886 323 912 der
344 883 415 913 1136
434 886 501 919 Abt,
526 883 598 913 1140
615 885 760 913 Kardinal
778 886 857 913 ward
875 886 935 913 und
954 886 1011 912 den
1033 883 1075 912 15.
1096 884 1159 912 ι11111
1182 883 1253 911 1165
1272 885 1361 913 starb.
1400 885 1467 921 Vgl.

177 923 281 950 Petrus
300 923 438 950 diaconus
457 923 507 956 IV,
527 920 594 957 1283
614 923 741 956 Gattula,
761 923 894 951 Historia
912 923 1058 951 Abbatiae
1071 922 1205 950 casinen.
1218 922 1243 956 Ι,
1264 920 1322 950 394
1334 922 1364 949 ff.

619 1013 660 1043 51.
698 1012 741 1043 De
760 1014 867 1044 sancto
886 1012 1020 1043 Placido.

305 1081 352 1112 In
380 1083 411 1115 1.
436 1082 545 1121 Vesp
557 1083 654 1114 eris.

388 1155 581 1190 Antiphonae.

191 1212 221 1243 1.
246 1211 390 1253 Exsulta,
414 1213 508 1250 pater
530 1212 761 1252 monachorum,

253 1258 391 1290 Gemens
415 1258 497 1289 mira
517 1257 663 1301 filiorum,

248 1304 307 1342 Qui
332 1305 372 1336 de
391 1304 484 1336 bellis
508 1307 733 1336 tormentorum

246 1350 408 1382 Scandunt
431 1359 528 1391 regna
553 1360 769 1391 supernorum.

214 1431 221 1437 .
247 1405 340 1448 Nam,
367 1415 450 1446 ecce,
474 1407 576 1445 miles,
604 1406 751 1439 Placidus

248 1452 357 1484 Saevis
381 1456 475 1493 paret
499 1453 717 1493 conspectibus

247 1498 292 1530 Et
314 1498 427 1531 Flavia
452 1508 518 1530 cum
544 1498 697 1531 fratribus

248 1545 453 1585 Trigintaque
477 1546 691 1585 complicibus,

214 1625 222 1632 .
246 1599 476 1639 Exspoliantur
499 1601 614 1632 milites

245 1645 291 1678 Et
313 1648 412 1678 sancti
436 1646 497 1678 Dei
521 1656 680 1686 proceres,

248 1692 427 1725 Caeduntur
450 1702 544 1725 saeve
567 1692 713 1734 fustibus,

247 1739 341 1770 Acris
364 1742 543 1772 mactantur
563 1740 691 1773 ictibus,

217 1817 225 1825 .
250 1794 424 1833 Replentur
448 1796 509 1827 sibi
532 1796 666 1836 gaudiis,

246 1841 419 1873 Exsultant
439 1842 471 1873 in
497 1842 670 1882 suppliciis,

248 1888 352 1919 Iesum
376 1887 516 1919 fatentur
539 1888 696 1930 laudibus,

246 1934 317 1965 Diis
339 1933 441 1966 Deum
464 1944 544 1976 prae
567 1936 719 1968 omnibus.

351 2009 400 2035 Ad
418 2008 595 2045 Mag-nificat.

247 2057 272 2088 Ο
299 2056 393 2088 decus
420 2056 537 2088 Christi
558 2058 696 2089 tironum

243 2103 478 2143 Exemplarque
500 2104 654 2145 mirabile,

246 2150 383 2188 Quorum
407 2151 485 2183 ordo
509 2151 732 2183 monachorum

245 2196 399 2228 Rubescit
421 2196 492 2229 fuso
515 2198 675 2238 sanguine,

245 2244 420 2284 Vesterque
444 2244 556 2276 chorus
579 2246 708 2276 nitescit

245 2289 347 2329 Super
369 2292 472 2323 nivem
499 2291 672 2331 dealbatus,

244 2335 376 2368 Florum
402 2338 516 2371 decore
538 2337 685 2371 fulvescit

244 2383 370 2416 Meritis
393 2386 515 2426 magnis
541 2385 669 2426 ditatus,

915 1082 1147 1121 Precamurque
1169 1083 1361 1115 lacertorum

918 1128 1086 1161 Sublevari
1110 1129 1227 1160 auxilio

915 1175 1159 1213 Vestrorumque
1183 1176 1368 1207 meritorum

915 1221 1009 1260 Eripi
1033 1222 1072 1253 ab
1098 1222 1218 1253 exsilio.

985 1344 1049 1375 Ad
1069 1343 1334 1375 Matutinum.

1047 1417 1263 1444 invitatorium.

918 1472 1077 1504 Christum
1100 1481 1217 1516 regem,

963 1520 1079 1558 venite,
1105 1521 1282 1560 adoremus,

915 1565 961 1597 Et
984 1573 1088 1597 coram
1113 1567 1177 1597 suis
1199 1567 1353 1599 militibus

961 1613 1068 1643 venite
1092 1614 1293 1648 exsultemus

979 1723 1025 1755 Iu
1052 1725 1082 1756 1.
1108 1724 1166 1757 No
1180 1728 1342 1759 cturno.

1060 1798 1254 1835 Antiphonae.

884 1878 892 1885 .
917 1855 1002 1886 Puer
1025 1857 1148 1895 septem
1172 1866 1325 1889 annorum

916 1903 947 1933 A
971 1910 1027 1934 suo
1049 1904 1143 1941 patre
1168 1904 1303 1946 ducitur,

916 1947 1019 1979 Datus
1043 1950 1128 1988 patri
1152 1951 1375 1983 monachorum

917 1994 971 2026 Ad
995 1996 1145 2028 caelestia
1165 1997 1300 2029 tollitur.

884 2073 892 2081 .
914 2050 978 2081 Hic
1001 2051 1118 2090 spretis
1141 2053 1253 2084 mundi
1277 2055 1401 2093 gaudiis

912 2096 959 2128 Et
980 2098 1124 2129 omnibus
1150 2099 1270 2131 divitiis

916 2143 980 2175 Sub
1004 2145 1111 2184 magni
1133 2146 1235 2185 patris
1258 2147 1386 2179 monitis

916 2190 973 2221 Fit
995 2191 1138 2223 omnibus
1162 2193 1328 2226 mirabilis¹

886 2271 892 2277 .
917 2246 1060 2279 Bellator
1083 2248 1175 2280 miles
1198 2250 1348 2285 Placidus

917 2294 1023 2326 Patris
1047 2299 1220 2337 praecepta
1243 2299 1395 2338 sequitur,

916 2341 1012 2380 Legis
1035 2341 1098 2373 Dei
1120 2352 1184 2375 non
1208 2346 1334 2377 nescius

917 2387 1058 2421 Siciliam
1079 2389 1268 2432 ingreditur.
