1655 2534
669 101 925 137 ‘233—

157 196 189 227 2.
218 193 346 226 Gaudet
371 195 486 226 chorus
512 196 694 228 caelestium

266 241 434 274 consortio
457 245 649 283 sanctarum,

216 288 255 319 In
281 289 386 328 capite
410 288 599 328 gestantium

265 335 422 367 Diadema
446 336 657 378 praeclarum,

217 381 337 419 Quibus
362 390 424 413 non
452 383 541 414 deest
564 383 665 414 lilium

264 428 333 460 Nec
355 438 499 469 purpura
522 438 674 472 rosarum,

147 476 189 510 V.
221 475 376 515 Angelico
400 485 490 507 more

268 521 392 563 fulgent
416 523 536 563 ingenti
563 523 687 558 decore.

161 581 193 613 3.
220 578 412 611 Erubescite
437 579 572 621 barbati,

219 626 377 657 Vitiorum
402 634 476 658 ense
500 627 604 667 strati,

219 673 300 704 Nam
326 673 484 713 virgiuum
510 674 672 706 candidati

219 720 393 752 Exercitus
419 724 641 760 pugnaverunt

218 767 261 799 Et
287 767 425 805 palmam
450 771 710 806 promeruerunt3

147 814 185 846 V.
220 814 355 845 Pectore
381 813 438 845 sub
464 813 572 855 fragili

271 862 434 891 certarunt
460 860 555 893 corde
580 860 677 895 virili,

162 919 198 952 4.
225 918 342 957 Fulget
368 917 435 948 dies
461 916 611 957 laetitiae,

221 964 387 1004 virginum
412 964 526 996 chorus
550 963 647 995 hodie

268 1012 317 1043 De
341 1011 458 1043 mundo
483 1010 701 1049 triumphavit,

222 1058 318 1096 Quem
344 1067 441 1097 super
466 1058 612 1090 thronum
639 1057 759 1098 gloriae

220 1105 331 1137 Totius
356 1113 413 1137 rex
437 1104 578 1136 iustitiae

273 1152 416 1184 Christus
442 1151 604 1192 exaltavit,

150 1201 191 1232 V.
222 1199 392 1239 Virgineus
419 1201 536 1236 coetus,

269 1246 376 1278 divino
398 1245 511 1277 robore
536 1243 648 1284 fretus,

220 1292 370 1325 Coetibus
396 1292 547 1332 angelicis

267 1339 407 1379 propriis
431 1339 569 1371 sociatus
595 1338 715 1370 amicis.

278 1472 324 1504 In
352 1473 383 1504 3.
410 1470 638 1502 Nocturno.

362 1544 407 1573 Ad
429 1544 558 1572 Cantica.

220 1650 428 1691 virginalium
455 1650 628 1689 cohortum‚

218 1699 374 1729 Aromata
395 1696 526 1728 messuit

220 1746 359 1785 Ipsaque
384 1743 525 1782 reposuit

268 1793 309 1824 111
331 1792 446 1823 horreo
473 1789 612 1822 caelesti.

358 1875 565 1910 Responsoria.

160 1937 189 1968 1.
215 1935 279 1967 Per
304 1942 412 1965 sexum
438 1931 607 1964 femineum

218 1982 334 2014 Pectus
359 1978 511 2020 frangens
536 1977 675 2010 ferreum

264 2028 408 2061 Daemon
433 2028 501 2059 viro
528 2027 717 2066 dominatur,

216 2078 297 2109 Item
324 2085 383 2116 per
406 2075 582 2115 virgineum

216 2124 405 2157 Exercitum
429 2123 558 2155 niveum

265 2171 334 2203 Iam
360 2170 487 2204 omnino
511 2168 725 2201 conculcatur.

152 2220 192 2252 V.
224 2218 425 2260 Constanter,
453 2217 588 2256 Christe,

263 2266 403 2297 moriens
426 2264 584 2297 exercitus
609 2263 670 2295 iste

218 2313 282 2345 Pro
309 2315 341 2344 te
367 2313 501 2344 certavit

267 2368 328 2392 nec
350 2363 383 2391 te
408 2358 572 2391 moriendo
597 2356 734 2398 negavit.

219 1603 395 1635 Descendit
428 1610 562 1641 sponsus
586 1601 620 1632 in
646 1601 773 1633 hortum

842 197 872 230 2.
899 197 955 236 Te,
982 196 1116 237 Christe,
1143 197 1274 229 laudent
1298 197 1413 237 omnia,

901 244 959 283 Qui
984 243 1069 276 solus
1091 243 1250 275 mirabilia

946 290 1018 322 Non
1045 299 1149 322 cessas
1172 292 1310 332 operari,

900 337 949 368 Tu
973 337 1114 368 membra
1134 337 1312 377 virginalia,

900 383 971 415 Non
998 392 1081 423 ense,
1108 385 1165 416 sed
1191 384 1371 416 constantia

945 430 1089 462 Docuisti
1114 431 1238 469 bellari,

898 477 966 509 Has
992 476 1070 509 facis
1095 482 1196 509 morte
1220 478 1351 516 praevia

900 524 953 555 Ad
980 524 1134 555 caelorum
1162 524 1281 563 palatia

945 571 1062 602 Tecum
1087 571 1270 602 sublimari:

859 643 866 651 .
897 617 943 649 Te
968 618 1158 659 dilexerunt,

949 668 980 695 te
1005 672 1130 703 semper
1155 665 1391 706 concupierunt,

898 710 1028 750 Hasque
1051 711 1110 742 tibi
1135 710 1195 743 soli

945 757 1048 797 iungis
1072 756 1105 790 in
1131 766 1205 789 arce
1229 758 1306 797 poli.

867 837 872 842 .
900 813 925 845 Ο
949 813 1148 853 praeclarum
1174 822 1227 845 cor
1252 818 1433 845 sanctarum

945 859 1146 899 Dignumque
1170 860 1304 899 laudari,

899 905 1068 937 Beatarum
1095 910 1200 938 coetus
1225 906 1337 938 harum

942 953 1093 984 Indoctus
1118 952 1233 984 bellari

899 998 1009 1030 Hostis
1034 999 1133 1030 trucis
1159 1000 1247 1038 signo
1274 999 1375 1030 crucis

948 1045 1051 1085 Caput
1075 1046 1260 1085 amputavit,

899 1092 981 1131 Quas
1006 1093 1125 1124 honore
1150 1096 1180 1123 et
1207 1092 1321 1124 decore

949 1138 1092 1170 Christus
1119 1140 1301 1180 coronavit3

859 1210 867 1218 .
897 1186 1048 1225 Magnum
1073 1188 1263 1217 tormentum

944 1234 1108 1272 patiuntur
1132 1241 1219 1264 more
1243 1233 1415 1270 bidentum,

897 1280 1061 1311 Murmure
1086 1288 1145 1310 nec
1169 1283 1298 1310 resonat

947 1326 1117 1366 gladioque
1142 1335 1275 1365 corpora
1304 1327 1412 1358 donat.

866 1407 873 1415 .
902 1382 1054 1422 Virginali
1076 1383 1227 1423 sanguine

947 1429 1055 1460 Tellus
1080 1429 1241 1468 irrigatur,

900 1476 1085 1507 Animarum
1113 1475 1231 1507 lumine

950 1524 1044 1555 Polus
1069 1522 1267 1562 illustratur;

901 1570 926 1602 Ο
952 1570 1137 1609 praeclarae
1163 1569 1330 1610 dominae,

946 1619 1012 1649 Vos
1035 1617 1171 1648 mundus
1197 1621 1357 1655 precatur,

902 1664 946 1697 Ut
973 1667 1077 1696 vestro
1103 1664 1274 1695 munimine

950 1712 1095 1745 Christus
1120 1711 1342 1751 amplectatur,

902 1758 1018 1791 Sancto
1043 1767 1175 1798 quarum
1201 1759 1324 1798 agmine

951 1805 1081 1839 Colonia
1104 1806 1249 1838 laetatur.

864 1876 871 1883 .
903 1854 1026 1885 Vestris
1051 1852 1227 1893 magnificis

950 1900 1081 1940 meritis,
1107 1905 1254 1942 petimus,
1283 1898 1428 1938 relevari,

904 1947 1053 1980 Goetibus
1078 1947 1229 1987 angelicis

951 1995 1111 2027 meruistis
1136 2002 1216 2035 quae
1240 1994 1364 2025 sociari.

991 2109 1039 2140 In
1063 2106 1294 2139 Laudibus

1017 2189 1111 2226 Super
1127 2190 1260 2218 Psalmos
1266 2209 1272 2215 .

865 2285 872 2293 .
903 2261 928 2293 O
954 2263 1125 2298 certamen,
1152 2267 1170 2290 o
1194 2258 1352 2290 luctamen

905 2308 1076 2340 Beatarum
1103 2305 1303 2347 feminarum,

905 2355 1062 2388 Mundum
1069 2353 1209 2391 vincunt,
1221 2353 1448 2394 quialinquunt
