1655 2534
714 73 969 109 —231—

203 168 236 200 3.
264 166 341 199 Cum
367 168 577 200 exsultatione
1059 168 1104 196 Ad
1122 168 1300 203 magnificat.

308 216 437 247 venient.
460 214 623 247 iubilando
870 228 911 261 A,
941 226 1060 259 Ursum
1083 225 1196 256 summi
1220 226 1303 265 regis

259 260 332 292 Hae
357 270 468 293 sacrae
493 262 630 303 virgines
988 271 1055 304 filia
1081 273 1205 313 decora,

309 316 367 347 pro
390 308 480 340 bonis
506 310 725 348 supplicando.
945 320 1057 351 Suavis
1084 321 1114 350 et
1139 318 1235 359 mitis,

988 366 1154 405 praeclara
1178 369 1210 396 et
1237 365 1378 405 honesta,

945 413 1091 445 Peccatis
1116 411 1236 443 foedati

990 462 1022 490 te
1045 459 1205 499 supplices
1231 467 1404 501 exoramus,

945 506 1066 538 Mundo
1092 514 1214 545 quoque
1238 505 1321 545 pigri

989 553 1101 585 laudes
1125 552 1184 583 tibi
1211 560 1368 592 canamus,

201 383 235 416 4.
261 383 367 414 iustae
391 387 445 414 tuo
467 384 596 426 nomini,

307 429 453 466 Domine,
480 430 723 472 confitebuntur,

261 476 336 508 Cum
363 480 417 509 tuo
443 477 533 509 vultu

303 525 442 564 gaudent
468 526 500 555 et
523 524 737 558 laetabuntur.

201 600 234 631 5.
261 598 365 631 Filiae
390 599 466 630 Sion
946 599 1071 632 Christo
1092 602 1129 630 ut,
1143 599 1263 639 iungas,

305 645 399 678 hodie
423 646 594 678 Dominum
628 646 813 686 laudabant,
987 647 1019 677 in
1040 646 1119 678 mari
1138 642 1274 688 (mundi)
1292 646 1488 684 periclitatos

263 692 429 724 Canticum
454 702 569 724 novum
944 693 996 725 Ad
1021 697 1091 725 tuas
1117 693 1264 724 excubias

305 740 428 771 sonoris
453 740 580 779 hymnis
607 739 788 772 cantabant.
993 739 1088 771 ducas
1114 748 1181 770 cum
1208 740 1319 771 beatis.

267 822 353 849 Brev.
372 831 425 849 ms.
447 830 522 849 saec.
545 820 588 849 15.
632 821 701 849 Cod.
723 822 891 857 Sangallen.
911 820 977 849 415.
998 836 1034 841 -
1054 823 1096 850 In
1117 820 1144 849 1.
1164 822 1270 857 Vesp.
1292 819 1315 848 Α
1334 820 1362 857 4,
1381 821 1401 849 4
1422 830 1490 849 ense

189 861 349 895 patiuntur.
365 874 400 878 —-
425 857 456 892 R,
473 857 490 886 3
510 859 592 887 Dira.
607 873 640 877 -—
665 859 707 886 In
728 858 752 886 1.
767 860 868 887 Noet.
888 857 908 885 R
925 858 950 892 2,
964 858 984 886 4
1006 861 1149 887 misericis
1167 868 1313 896 spernens.
1328 873 1363 879 -
1385 858 1406 885 R
1427 857 1453 893 3,
1473 857 1492 886 8

190 898 335 924 ducuntur
355 898 474 932 agmina
491 897 637 932 virginum
658 898 785 931 tuorum3
809 896 879 924 lies:
901 897 1011 923 ducunt
1030 898 1160 932 agmina,
1184 899 1276 933 virge⁷
1297 898 1433 925 tuorum?
1452 912 1489 916 —

187 934 230 962 In
249 932 276 960 2.
299 934 404 961 Noct.
420 933 442 959 Α
473 932 498 966 1,
521 933 535 961 1
556 934 710 961 Voluntati
729 935 808 961 boni.
824 947 860 953 ——
874 934 893 960 Α
915 932 940 966 1,
962 932 980 960 2
1000 935 1132 968 protecti.
1151 948 1190 953 --
1210 934 1227 959 Α
1250 933 1274 966 1,
1295 932 1314 960 4
1334 935 1432 969 positi.
1453 948 1490 952 —

187 971 206 998 Α
227 970 254 1005 2,
275 969 293 999 3
322 972 470 999 trucidati.
491 986 529 990 ——
549 972 568 997 Α
589 970 615 1004 2,
635 970 655 998 4
674 971 807 999 laureati.
827 985 865 990 ——
886 970 908 998 Α
930 968 955 1005 3,
977 968 1048 1007 3sq.
1069 971 1132 998 fuso
1156 971 1303 998 Coloniae.
1327 985 1336 989 -
1383 969 1404 997 R
1427 969 1450 1004 1,
1471 969 1489 998 6

187 1009 257 1037 Lies
272 1010 395 1037 Romam
415 1010 540 1037 visitare
560 1009 629 1036 oder
650 1008 772 1036 sanctos
791 1009 931 1036 visitare?
951 1023 990 1027 -
1011 1006 1031 1034 Β
1052 1007 1079 1042 2,
1101 1007 1118 1035 2
1144 1011 1173 1034 et.
1192 1017 1265 1036 sana
1284 1009 1372 1036 mitis.
1391 1023 1429 1027 -
1449 1009 1491 1035 In

186 1044 213 1074 3.
234 1047 338 1074 Noct.
361 1045 380 1073 R
404 1046 428 1079 1,
450 1046 466 1073 ’7
489 1047 557 1074 Lies
577 1046 620 1074 Ut
631 1045 772 1074 victima?
793 1061 829 1065 --
851 1045 869 1072 R
890 1044 915 1079 3,
937 1045 953 1073 5
975 1055 1017 1082 sq.
1037 1047 1106 1074 Lies
1119 1045 1248 1074 Utliber
1261 1049 1388 1081 peccatis
1401 1054 1491 1082 regno

188 1085 303 1112 socier?
326 1098 362 1103 —-
388 1085 429 1112 In
452 1084 559 1112 Laud.
587 1082 610 1110 Α
633 1082 657 1117 1,
685 1081 702 1111 3
730 1085 833 1119 pascit.
853 1099 891 1103 —
910 1084 929 1109 Α
950 1081 977 1116 4,
1000 1082 1014 1110 1
1035 1084 1119 1111 1usti.
1139 1098 1168 1102 —
1199 1084 1244 1111 Ad
1269 1083 1375 1110 Bened.
1403 1082 1426 1109 Α
1451 1084 1493 1110 isi:

187 1121 277 1150 durch
296 1121 353 1149 und
372 1122 462 1149 durch
476 1122 647 1149 verdorhen.
668 1135 705 1140 —-
722 1122 767 1149 In
797 1119 825 1148 2,
845 1122 951 1156 Vesp.
971 1119 994 1147 Α
1017 1120 1040 1156 1,
1061 1120 1081 1149 4
1099 1120 1227 1156 plaudet.
1246 1136 1286 1140 —
1305 1120 1327 1146 Α
1347 1119 1375 1154 2,
1397 1119 1417 1148 4
1435 1121 1491 1148 lies

186 1161 295 1196 reperis
316 1161 387 1194 quia
407 1160 487 1186 sine?
508 1173 545 1178 -—
565 1157 588 1186 Α
609 1158 635 1193 5,
656 1157 675 1186 4
694 1159 860 1187 sonoribus.

642 1267 688 1299 85.
721 1268 765 1299 De
785 1268 896 1299 saneta
919 1267 1041 1299 Ursula.

322 1338 369 1370 In
396 1339 427 1371 1.
455 1337 672 1377 Vesperis.
1004 1338 1062 1369 Ad
1087 1336 1353 1370 Matutinum.

186 1432 225 1466 R.
261 1432 285 1464 O
311 1432 497 1471 praeclarae
522 1433 722 1470 margaritae,
1075 1420 1289 1448 Invitatorium.

257 1480 296 1511 In
321 1487 468 1518 supremo
493 1479 557 1517 1³01i
581 1478 670 1517 Sitne,
938 1487 1110 1518 Exsultent
1134 1496 1241 1519 omnes
1267 1488 1362 1519 hodie

257 1526 338 1565 Regi
363 1526 449 1557 Vitae
472 1526 534 1556 iam
560 1525 677 1564 unitae,
989 1533 1209 1566 Collaudando
1239 1534 1413 1574 Dominum,

258 1572 361 1625 ΝΟΜ-3
387 1573 460 1613 Piae
485 1572 650 1604 SUbVffllste
937 1580 996 1619 Qui
1021 1589 1161 1612 summae
1185 1582 1268 1613 stola
1292 1582 1412 1621 gloriae

309 1620 465 1660 Virgines,
992 1627 1121 1660 Coetum
1147 1632 1308 1660 sacratum
1331 1630 1489 1670 virginum

184 1668 223 1701 V·
256 1667 281 1699 Ο
309 1667 443 1698 (ῙΟΥΠΠᾶθ
467 1670 588 1706 gratae,
1033 1675 1206 1707 Decoravit
1231 1676 1354 1708 eximie.

304 1722 440 1752 sponsae
465 1713 601 1745 Domino
627 1712 774 1753 sociatae,

257 1761 343 1793 Luce
369 1763 547 1801 coronatae,

305 1808 434 1839 caelesti
460 1807 536 1839 sede
561 1808 694 1841 locatae.
999 1788 1045 1821 In
1073 1790 1103 1821 3·
1128 1788 1159 1819 N
1168 1798 1185 1821 ⁰
1197 1792 1234 1820 π
1244 1800 1263 1821 u
1272 1799 1290 1820 Υ
1299 1799 1318 1820 Π
1328 1798 1356 1822 ⁰·

1082 1872 1277 1908 Antiphonae.

377 1919 422 1947 Ad
442 1919 620 1955 Magnificat.
883 1940 913 1972 1.
938 1939 1085 1971 Diversis
1109 1941 1217 1972 mundi
1244 1940 1388 1980 partibus

182 1999 222 2029 A.
253 1997 393 2037 Sponsus
412 1996 544 2036 pulcher
561 2005 639 2038 prae
653 1996 808 2035 omnibus,
971 1987 1132 2041 ‚Vi-Pgines
1158 1991 1362 2040 ‘lua—esunfflr,

306 2044 375 2076 Rex
401 2047 433 2075 et,
457 2053 593 2083 sponsus
618 2044 784 2085 virginum,
939 2034 1080 2074 Vlfgmls
1105 2034 1286 2073 aspectibus

259 2091 445 2124 Candidatis
471 2091 657 2132 virginibus,
986 2081 1125 2114 Ursulae
1149 2082 1320 2113 traduntur

302 2139 476 2179 Purpureis
501 2147 560 2178 per
584 2139 736 2179 gladium,
1033 2128 1237 2161 Imbuendae-

301 2185 397 2219 Suum
422 2186 527 2218 iunxit
551 2186 728 2226 conubium,
882 2186 913 2218 2.
937 2184 1082 2217 Undenis
1106 2184 1234 2216 milibus

261 2232 348 2265 Caeli
373 2233 532 2273 iungendo
558 2233 679 2265 civibus
989 2232 1103 2264 Coetus
1130 2236 1343 2273 consecratur,

302 2280 365 2312 Per
388 2281 543 2320 passionis
570 2280 715 2313 bravium
940 2280 977 2312 In
1003 2278 1063 2311 Dei
1089 2279 1211 2319 legibus

353 2327 455 2368 Super
478 2329 574 2360 astris
598 2328 730 2361 invexit.
988 2325 1120 2366 Semper
1143 2328 1327 2360 meditatur.
