1655 2534
674 57 928 93 -179—

217 152 423 186 Sollemnizas
447 155 554 193 potius

259 200 423 234 Laudibus
449 201 574 234 divinis.

144 257 184 290 R.
216 256 338 288 Nomen
365 256 484 291 Christi
509 257 563 297 qui
586 257 690 289 tulisti

263 304 308 336 Et
332 303 398 336 eius
425 304 620 343 evangelium

213 350 412 391 Expressisti
435 351 522 390 plebi
546 351 611 390 isti,

261 398 362 429 Tuum
388 396 493 429 saetae
518 398 694 438 collegium,

214 444 262 476 Te
284 447 463 484 patronum,
490 454 507 476 ο
531 444 677 482 seb-alde,

212 491 337 523 Praebe
360 492 447 531 pium
473 500 598 530 semper
623 491 718 523 valde

212 538 301 570 Tuae
325 539 411 578 genti
436 539 598 570 exhibenti

262 585 378 617 Votiva
402 586 460 616 tibi
485 586 651 617 sollemnia

173 658 180 665 .
210 631 392 673 Impetrare
415 637 450 663 tu
474 635 664 671 nostrorum,

210 678 316 710 Testis
342 678 436 718 clare,
460 681 664 718 peccatorum

258 725 347 757 Velis
373 726 459 764 apud
483 726 584 757 Deum
610 725 745 759 veniam.

332 797 378 825 Ad
396 798 569 834 Magnificat

172 880 180 889 .
210 855 348 887 Plaudat
372 855 445 886 aula
467 855 565 894 regia,

210 901 495 941 Nurembergensis
521 901 664 939 ecclesia,

209 949 391 988 Suscipiens
412 948 551 987 hospitio

209 995 380 1027 Sebaldum
404 996 437 1025 in
467 995 578 1027 exsilio

256 1042 515 1081 Peregrinantem
537 1042 663 1083 iugiter,

210 1089 270 1127 Qui
295 1092 475 1120 sanctorum
499 1089 617 1120 mixtus
643 1088 746 1121 choris

209 1135 276 1168 Nos
300 1136 426 1167 iliorum
454 1135 508 1167 det
532 1135 655 1167 coronis

256 1181 383 1215 Perfrui
407 1182 600 1222 perenniter,

233 1286 295 1317 Ad
321 1285 666 1324 Completorium.

297 1359 343 1386 Ad
362 1360 448 1387 Nune
469 1359 602 1386 dimittis.

169 1441 177 1450 .
207 1416 259 1448 Ab
285 1419 413 1448 aeterno
439 1416 541 1456 gratia

257 1463 412 1502 Fungeris
439 1463 557 1500 divina,

205 1510 415 1550 Nuremberg‚
442 1509 610 1541 elementia

253 1558 407 1590 Immunis
433 1557 551 1589 divina.

271 1661 334 1693 Ad
354 1660 621 1693 Matutinum.

342 1734 557 1762 Invitatorium.

204 1791 309 1828 Nune,
323 1792 515 1824 exsultemus

253 1838 467 1872 confessorem
491 1841 678 1870 venerantes

203 1886 249 1919 Et
273 1887 476 1919 decantemus

251 1934 376 1967 Christo
401 1934 469 1973 regi
489 1932 671 1966 iubilanteS.

264 2040 312 2072 In
338 2040 368 2075 1.
395 2038 626 2073 Nocturno.

343 2113 539 2150 Antiphonae.

170 2196 178 2204 .
201 2170 266 2203 Hic
288 2171 338 2203 vir
360 2171 561 2204 beatissimus

250 2218 423 2252 Consilium
450 2219 564 2251 vitavit

201 2265 361 2300 Malorum
386 2269 418 2298 et
443 2266 627 2299 cathedram

248 2313 294 2346 Ut
316 2317 439 2353 pestem
468 2314 641 2353 reputavit.

839 156 872 187 2.
898 153 1076 186 Postulanti
1100 152 1252 184 Dominus

817 977 856 1009 V.

829 1127 862 1157 2.

814 1792 854 1824 V.

942 201 1008 233 Dat
1031 200 1251 239 hereditatem,

894 248 1041 279 Venienti
1067 246 1187 278 eminus

940 294 1034 326 Hane
1058 293 1322 326 communitatem.

892 350 1078 390 Blasphemi
1103 350 1307 389 castigantur,

893 398 954 435 Qui
977 400 1085 428 saneto
1111 397 1331 436 adversantur,

893 444 1014 476 Dentes
1040 452 1146 475 eorum
1171 445 1330 481 teruntur,

893 491 953 529 Qui
977 490 1051 522 huie
1075 490 1296 530 obloquuntur.

1034 583 1242 618 Responsoria.

889 649 1080 688 1mperantis
1104 654 1247 689 tempore

941 696 1072 728 Henrici
1097 694 1200 727 felicis

891 743 1017 782 Incepit
1040 743 1092 773 hic
1116 743 1223 774 vivere

939 789 1001 821 Dei
1026 798 1096 821 cum
1120 789 1238 831 amicis,

889 835 986 875 Fugit
1012 836 1162 867 mundum
1186 839 1222 866 ut
1245 835 1441 866 immundum

938 882 1088 914 Eremum
1113 882 1287 921 amplexus,

889 928 920 960 A
945 937 1004 968 quo
1029 928 1125 968 venit,
1151 929 1193 960 ad
1219 928 1301 959 hune
1325 928 1416 959 vadit

933 975 1058 1007 Circulo
1084 972 1229 1013 reflexus,

890 1022 997 1054 Motus
1017 1020 1179 1061 perfectus

934 1069 1038 1100 salvat
1060 1077 1119 1107 per
1141 1067 1265 1107 singula
1289 1068 1404 1099 rectus.

886 1125 950 1156 Hic
976 1125 1049 1157 dum
1072 1123 1157 1156 fame
1181 1126 1374 1163 angustatur,

886 1172 965 1203 Mox
991 1171 1031 1203 de
1057 1171 1142 1203 eaelo
1168 1170 1321 1202 liberatur

889 1219 984 1251 Panis
1011 1226 1028 1250 e
1053 1218 1140 1250 caelo
1166 1217 1294 1249 veniens

889 1264 1005 1297 Reficit
1027 1266 1081 1305 pie
1105 1264 1323 1304 praeminens,

886 1311 970 1357 Nam
993 1312 1026 1344 in
1052 1313 1176 1344 deserto

935 1367 1049 1399 panem
1073 1359 1192 1398 poterit
1210 1358 1286 1389 dare
1299 1359 1439 1396 praesto.

854 1438 862 1446 .
886 1415 989 1447 Adest
1015 1423 1107 1446 casus
1132 1414 1213 1446 alius

939 1461 1052 1493 similis
1073 1461 1107 1492 in
1132 1463 1217 1500 potu,

887 1509 952 1542 Ubi
975 1508 1080 1548 liquor
1106 1507 1223 1546 deficit,

935 1555 1054 1594 absque
1078 1555 1163 1586 omni
1186 1558 1274 1586 motu

887 1602 1023 1635 Humani
1049 1601 1190 1642 suffragii

935 1650 1027 1682 adest
1050 1649 1157 1681 statim
1183 1650 1286 1688 potus,

886 1697 946 1738 Qui
973 1696 1066 1729 durat
1090 1704 1148 1736 per
1172 1701 1335 1736 tempora3

934 1744 1021 1776 Deus
1045 1752 1151 1775 secum
1176 1745 1272 1775 totus.

883 1791 955 1824 Hoc
980 1795 1029 1823 est
1058 1791 1211 1831 divinum,

934 1840 961 1871 si
983 1837 1021 1870 fit
1046 1839 1086 1870 de
1109 1835 1238 1869 flumine
1259 1837 1377 1870 vinum.

949 1934 995 1966 In
1022 1935 1054 1966 2.
1081 1931 1107 1963 N
1121 1934 1312 1963 octurno.

1028 2005 1137 2041 Antiph
1142 2013 1225 2033 onae.

828 2066 860 2099 1.
884 2065 922 2097 In
951 2064 1047 2096 cubili
1072 2066 1120 2094 est
1145 2064 1358 2104 compunctus,

886 2111 1038 2145 Felieiter
1065 2109 1231 2142 defunctus

932 2157 1121 2192 sacrificans
1144 2156 1308 2188 iustitiam.

830 2218 862 2249 2.
889 2213 1083 2248 Glorifieasti
1106 2216 1249 2246 sanctum
1273 2215 1371 2252 tuum,

885 2262 964 2302 Quia
987 2262 1100 2293 dilexit
1123 2269 1236 2293 nomen
1261 2262 1349 2292 tuum

932 2310 1028 2342 Scuto
1052 2313 1106 2341 tuo
1131 2307 1290 2341 coronasti
1315 2316 1395 2341 eum.

1211 2361 1270 2391 12*
