1655 2534
777 166 1023 201 *292—

328 265 371 294 66.
402 264 593 298 Edmundi,
613 264 690 300 regis
711 264 741 290 et
758 260 903 295 martyna,
924 258 969 287 20.
992 261 1066 288 Nov.
1081 257 1143 296 [fol.
1158 255 1258 294 213a].
1287 257 1350 285 Nur
1361 255 1494 292 folgende
1511 252 1543 287 A»,

255 304 390 337 dieselbe‚
412 303 459 330 die
479 302 551 330 auch
572 302 670 329 weiter
689 303 779 327 unteu
797 299 846 326 bei
865 297 1004 326 Edward:

663 356 734 390 Ave,
756 363 807 382 rex
825 354 920 389 gentis
940 353 1109 390 Anglorum,

663 392 743 427 (Ave)
761 391 845 419 miles
865 392 943 426 regis
963 391 1140 427 angelorum,

663 431 686 459 O
706 428 867 462 EAmunde,
886 428 939 455 fios
959 431 1118 463 martyrum

662 468 751 495 Velut
769 474 837 494 rosa
854 466 902 493 vel
919 466 1023 500 lilium,

665 505 765 533 Funde
784 512 882 539 preces
904 501 954 539 [ad
973 501 1143 540 Dominum]

664 544 721 570 Pro
741 542 836 569 salute
855 540 991 569 fidelium.

252 608 312 646 [fol.
333 608 406 646 Sla]
424 610 500 638 steht
518 610 595 636 daun
614 609 687 636 noeh
706 609 779 642 irrig
798 609 883 634 unter
901 606 1051 642 Edmuncl,
1075 607 1199 640 Bischof,
1221 607 1272 634 das
1292 607 1438 644 folgende,
1470 606 1542 633 viel-

253 649 342 676 leieht
362 650 439 675 einer
459 647 589 683 Sequenz
610 649 809 673 eutuommene
828 644 1024 672 Bruchstfiok:

309 705 461 732 Confessor
481 703 588 730 Christi
607 701 767 734 Eclmunde,
975 702 1078 734 Maria,
1101 702 1202 737 regina
1222 700 1330 734 mundi,

309 739 377 778 [Tu]
397 749 448 776 pro
468 741 552 767 nobis
573 747 670 774 preces
689 739 776 766 funde
977 739 1032 766 Per
1052 747 1150 772 preces
1170 739 1246 774 regis
1267 737 1413 766 Edmundi

309 780 427 812 Mariae,
448 777 590 813 virgini(s)
609 776 749 804 fecundae
977 776 1088 803 Munda
1106 784 1168 809 nos,
1188 778 1223 802 ut
1241 776 1332 803 simus
1353 776 1453 802 mundi

346 816 472 844 Deitatis
492 815 595 850 gratia.
1018 814 1054 841 In
1072 814 1128 841 Dei
1149 814 1323 848 praesentia.

328 899 373 928 67.
400 898 581 931 Edwardi,
602 900 678 934 regis
699 900 728 925 et
746 898 927 930 confessoris,
949 896 974 924 7.
995 898 1060 925 Jan.
1082 894 1143 933 [fol.
1164 895 1199 924 70
1208 895 1249 933 b].
1291 897 1371 925 Zwei
1394 897 1450 923 AA:

482 955 514 981 A.
535 954 605 986 Ave,
626 956 725 981 sancte
743 962 793 981 rex
812 953 962 986 Edwards,
983 955 1059 981 inter
1079 954 1153 981 caeli
1173 954 1238 980 lilia

536 992 649 1018 Meritis
670 993 727 1018 tuis
748 999 871 1018 exornas
891 993 1044 1026 regnantes
1064 992 1093 1018 in
1115 991 1218 1027 gloria,

537 1029 598 1055 Nos
619 1036 717 1056 omnes
736 1031 766 1055 te
785 1028 938 1063 diligenfes
958 1028 1014 1056 due
1033 1029 1070 1056 ad
1088 1036 1159 1056 vera
1178 1028 1296 1064 gaudia.

483 1084 517 1111 A.
539 1084 562 1111 O
583 1084 668 1111 decus
689 1084 836 1117 eeclesiae,
857 1084 911 1111 Pie
931 1092 982 1111 rex
1000 1084 1169 1119 Anglorum,

536 1121 694 1157 Exemplar
713 1122 851 1154 iustitiae,
871 1121 934 1148 Lex
955 1125 984 1148 et
1001 1129 1104 1148 norma
1123 1130 1242 1154 morum,

537 1158 609 1185 Post
627 1159 712 1185 finem
733 1159 893 1194 angustiae,
912 1158 1017 1186 Mortis
1038 1160 1068 1185 et
1085 1158 1219 1185 laborum

538 1196 656 1222 Praesta
675 1196 749 1223 dono
770 1197 882 1230 gratiae
900 1196 1033 1230 Regnum
1052 1197 1211 1223 beatorum.

328 1251 372 1280 68.
394 1251 577 1284 Edwardi,
600 1253 676 1288 regis
691 1254 720 1279 et
731 1253 875 1286 martyris,
898 1249 941 1278 18.
956 1251 1022 1280 Jan.
1038 1250 1099 1287 {soh
1113 1251 1149 1279 70
1158 1249 1196 1288 a].
1228 1253 1298 1280 Drei
1315 1252 1363 1285 ΑΑ,
1379 1262 1437 1280 von
1451 1254 1546 1281 denen

260 1291 324 1317 eine
349 1289 511 1325 prosaisoh,
540 1290 603 1315 eine
629 1289 735 1316 andere
762 1289 797 1316 de
823 1290 982 1323 communi,
1008 1291 1073 1317 eine
1102 1290 1188 1317 dritte
1212 1290 1392 1324 rhythmiseh
1411 1293 1458 1318 ist.
1499 1291 1543 1319 Ob

256 1327 453 1354 Bruehstileke
473 1328 551 1353 eines
566 1325 713 1354 Offieiums
733 1327 891 1362 vorliegen,
912 1327 1026 1355 seheint
1044 1327 1225 1354 zweifelhaft.
1259 1328 1316 1356 Die
1336 1329 1443 1356 beiden
1462 1329 1544 1356 letzt-

256 1366 419 1399 genannten
440 1363 479 1389 ΑΑ
499 1364 611 1390 lauten:

484 1419 518 1446 A.
538 1420 608 1452 Rex,
629 1429 680 1456 per
702 1429 786 1456 quem
806 1419 930 1447 ecelesia
947 1419 1004 1448 fuit
1023 1421 1189 1454 sublimata,

540 1457 596 1484 Per
617 1465 700 1493 quem
719 1459 782 1484 tota
799 1457 909 1492 Anglia
927 1459 972 1485 est
990 1455 1021 1493 [l.
1041 1456 1107 1494 fuit]
1127 1459 1277 1492 honorata,

542 1494 595 1521 Cui
615 1502 727 1529 semper
744 1495 859 1522 iustitia
877 1495 933 1521 fuit
952 1497 1098 1531 comitata,

542 1532 633 1559 Nobis
656 1532 763 1559 Ohrisfi
784 1533 880 1567 gratia
899 1532 937 1558 da
954 1541 1044 1569 regna
1065 1534 1159 1561 beata.

635 1587 669 1614 A.
689 1588 760 1620 Ave,
781 1596 831 1614 rex
851 1588 945 1623 gentis
964 1589 1136 1625 Anglorum,

685 1625 772 1652 Miles
791 1626 868 1660 regis
889 1625 1065 1660 angelorum,

685 1661 709 1688 O
733 1662 884 1695 Edwarde,
902 1662 956 1689 flos
976 1666 1134 1698 martyrum

686 1699 777 1726 Velut
795 1707 863 1726 rosa
880 1699 929 1726 vel
947 1700 1051 1735 lilium,

684 1737 785 1764 Funde
804 1745 902 1772 preces
920 1737 957 1763 ad
977 1739 1134 1767 Dominum

684 1773 741 1801 Pro
761 1774 855 1802 salute
873 1774 1009 1803 fidelium.

330 1845 374 1874 69.
406 1846 602 1890 Elisabeth
623 1848 737 1881 viduae,
760 1847 802 1875 19.
822 1849 896 1876 Nov.
917 1847 977 1885 [fol.
1000 1850 1053 1878 105
1062 1849 1102 1887 b].
1133 1851 1152 1878 Α
1173 1853 1210 1880 ad
1225 1853 1323 1890 Magn.
1338 1856 1397 1883 und
1411 1857 1475 1884 Inv-
1491 1866 1543 1885 aus

256 1882 319 1910 dem
340 1883 469 1912 Officium
491 1884 575 1912 Anal.
595 1885 686 1920 XXV,
706 1886 757 1913 Nr.
778 1884 822 1913 90.

330 1957 374 1986 70.
408 1959 492 1986 Elis
501 1960 571 1993 aei,
594 1961 750 1996 prophetae
764 1963 792 1988 et
805 1962 985 1998 confessoris,
1009 1963 1052 1991 14.
1065 1966 1156 1996 Junii.
1172 1963 1233 2001 [fol.
1247 1965 1283 1994 85
1293 1966 1332 2005 b].
1363 1969 1381 1995 Α
1396 1970 1433 1997 ad
1445 1971 1545 2007 Mag-n.

256 1993 293 2023 (2.
313 1995 411 2032 Vesp.)
429 1996 489 2023 und
509 1996 527 2021 Α
550 1997 586 2023 ad
610 1997 716 2025 Bened.
744 2007 796 2025 aus
816 1999 899 2026 Anal.
919 2000 1011 2035 XXV,
1031 2003 1082 2030 Nr.
1103 2001 1152 2038 943
1172 2004 1191 2029 Α
1212 2005 1249 2031 ad
1268 2005 1367 2043 Magn.
1388 2006 1424 2042 (2.
1448 2007 1548 2045 Vesp.)

256 2040 308 2061 aus
328 2034 412 2060 Anal.
435 2034 527 2066 XXV,
548 2035 597 2062 Nr.
619 2033 664 2063 95.
705 2036 889 2063 Ausserdem:

557 2091 590 2118 A.
611 2090 635 2118 O
655 2092 783 2125 Helizee,
804 2093 946 2128 propheta
963 2096 1080 2128 nobilis,

615 2128 836 2157 carmelitarum
856 2133 938 2164 pater
957 2131 1109 2170 nobilis[!]‚

615 2165 728 2194 Christo
749 2176 922 2204 eorregnans
941 2169 974 2197 in
994 2171 1177 2206 caelestibus,

616 2204 721 2232 Confer
741 2214 825 2239 opem
845 2207 903 2232 tuis
924 2208 1114 2244 supplicibus.

253 2274 564 2341 Offici'lssnElyphii
592 2281 743 2313 martyris,
770 2278 813 2308 16.
834 2280 897 2307 Oet.
919 2278 980 2316 [fol.
1002 2281 1102 2320 103a].
1140 2287 1201 2314 Aus
1223 2289 1317 2317 einem
1338 2291 1548 2321 unbekannten

418 2372 481 2398 Inv.
500 2371 546 2398 Ad
565 2372 667 2401 laudes
686 2376 766 2402 vitae
785 2376 883 2402 cuncti
901 2376 1053 2406 iubilando
1073 2381 1179 2414 venite,

501 2409 558 2443 Qui
578 2410 658 2438 fovet
675 2412 825 2448 Eliphium
845 2421 898 2449 pro
919 2413 1028 2445 Christi
1048 2419 1166 2446 nomine
1185 2427 1312 2458 passum.
