1655 2534
102 2100 136 2132 V.

613 124 865 162 *111—

161 221 344 256 Plantatum
371 222 470 255 cultos

208 271 353 303 indicant
375 270 455 302 lucis
479 271 602 311 iterque

160 317 330 350 Pascentes
355 316 476 356 ovibus,

206 365 312 404 rapiat
334 373 375 395 ne
399 364 502 395 bestia
527 372 630 396 saeva.

162 410 300 451 Viyilate
332 420 421 453 erqo,
462 411 540 450 quia
570 410 710 450 nescitis,

159 458 288 498 quando
312 457 476 489 Dominus
506 460 605 489 vester
636 467 710 490 vcn-

158 508 252 537 turus
275 504 327 537 sit.

128 585 136 592 .
161 560 337 600 Exemplar
363 560 452 593 dedit
475 560 672 599 omnipotens

209 608 364 639 hortando
391 607 577 647 dicensque:

164 654 296 696 Discite,
322 655 458 694 percari,

211 710 277 732 sum
295 701 381 732 mitis
400 701 494 732 corde
512 701 711 742 humilisque,

166 747 253 787 Ergo
277 756 373 779 suave
394 748 499 787 iugum

213 795 275 825 iam
300 795 423 834 sumite,
448 802 511 825 non
536 803 712 826 onerosum.

122 866 129 873 .
162 841 258 873 Beati
312 840 518 872 ‘immaculati
563 841 601 872 ‘in
647 841 711 881 via,

163 887 219 928 qui
243 887 411 919 ambulcmt
426 887 465 918 in
482 887 547 928 Zeqe
562 887 709 919 Domini.

218 999 266 1031 In
290 998 323 1032 2.
346 999 406 1031 No
421 1001 580 1033 eturno.

303 1072 498 1108 Antiphonae.

129 1156 135 1162 .
165 1131 223 1169 Qui
251 1132 326 1162 sunt
348 1130 491 1170 vestigia,

210 1177 307 1216 Deus,
333 1177 386 1208 hic
408 1181 463 1210 tua
487 1179 598 1209 sancta
613 1178 711 1209 secuti

166 1224 259 1256 Atria
283 1224 496 1255 conscendent

216 1272 306 1311 caeli,
330 1270 384 1302 ubi
408 1279 484 1303 vera
509 1271 606 1311 quies.

166 1327 271 1360 Corde
296 1326 388 1358 simul
413 1330 521 1359 sancto

215 1374 325 1406 mundi
349 1376 476 1405 terrena
499 1377 647 1414 spuentes

168 1420 231 1453 Hic
255 1421 482 1452 benedicentur

214 1470 246 1498 et
265 1468 333 1499 sine
355 1467 419 1499 fine
443 1469 580 1500 manent.

134 1551 141 1558 .
168 1524 246 1563 Spes
271 1523 382 1563 quibus
408 1526 456 1555 est
480 1523 633 1564 Christus,

212 1571 314 1610 pietas
340 1571 548 1602 circumdabit
571 1571 675 1610 hosce,

166 1617 235 1650 Nee
258 1618 346 1649 locus
371 1621 418 1649 est
443 1618 534 1660 hosti,

212 1673 326 1705 nempe
348 1667 455 1697 tuetur
479 1674 541 1697 eos.

299 1758 503 1793 Responsoria.

133 1841 140 1847 .
168 1816 340 1848 Doctrinae
364 1819 478 1855 parent

215 1864 308 1902 proni
335 1863 474 1895 dictante
495 1864 644 1903 magistro

167 1912 273 1950 Atque
296 1915 468 1950 sequuntur
493 1920 561 1943 eum

217 1958 309 1989 mites
332 1958 529 1998 humilesque
551 1958 647 1999 beati,

170 2007 253 2046 Quos
277 2014 374 2045 regno
401 2006 511 2046 dignos

217 2053 373 2092 sapientia
400 2054 527 2085 disserit
550 2054 641 2086 almi:

166 2099 265 2132 Beati
288 2109 405 2144 omnes,
432 2101 488 2140 qui
511 2102 624 2134 timent
645 2102 715 2134 Do-

165 2147 302 2188 minum,
329 2148 383 2187 qui
409 2148 579 2181 ambulant
601 2149 640 2181 in
654 2149 715 2182 viis

168 2204 244 2227 emis.

108 2252 140 2284 2.
168 2252 260 2292 Eece,
286 2252 371 2285 viros
396 2256 522 2285 sanctos

215 2308 292 2338 quos
316 2300 471 2333 Dominus
495 2301 608 2342 legerit
623 2302 695 2343 ipse

169 2347 384 2388 Patronosque
409 2348 498 2380 dedit

213 2394 304 2427 nobis
330 2395 447 2429 deitate
471 2399 651 2436 perunctos,

781 421 811 453 §.0

773 2010 811 2041 V.

842 223 976 262 Quorum
1003 221 1147 254 doctrina

881 270 991 302 rutiiat
1011 277 1069 309 per
1095 270 1220 301 climata
1237 270 1354 302 mundi.

835 316 994 359 Gaudete,
1029 316 1123 359 iusti,
1158 316 1195 347 ‘Lot
1227 317 1381 360 Domino7

835 364 933 396 rectos
959 364 1042 396 decet
1066 363 1270 395 collaudatio.

837 420 880 451 Hi
905 421 1006 450 saneti
1038 418 1161 459 fulgent

884 468 916 498 in
942 475 1037 506 regno
1063 470 1098 497 ut
1122 466 1228 498 sidera
1254 467 1343 505 caeli,

837 513 1019 546 Decernunt
1045 513 1178 553 populos

887 560 1013 592 tandem
1033 560 1232 592 dominantur
1249 562 1281 591 et
1295 559 1384 599 ipsis‚

841 607 927 639 Haec
950 616 1093 639 meruere
1118 608 1201 639 bona

888 655 1014 686 mortali
1038 662 1170 694 corpore
1195 652 1311 692 functi3

798 725 805 732 .
836 701 920 733 Iusti
952 701 990 732 in
1016 704 1207 742 perpetuum
1231 700 1336 732 vivent
1360 702 1386 732 ei

841 748 932 787 apud
971 748 1154 780 Dominum
1191 751 1235 780 est
1268 756 1385 780 meroes

840 803 959 827 eorum.

900 925 947 957 In
972 927 1003 958 3.
1030 925 1256 960 Nocturn0.

980 999 1174 1034 Antiphonae.

806 1081 814 1088 .
838 1055 934 1095 Ecce,
960 1064 1055 1096 super
1078 1056 1177 1088 iustos

886 1103 971 1135 oculi
993 1103 1119 1135 Domini
1144 1103 1273 1142 pietatis

840 1151 946 1189 Atque
968 1150 1112 1189 paratior
1134 1151 1191 1181 has

883 1196 990 1228 audiet
1014 1198 1084 1236 ipse
1107 1205 1228 1237 preces,

807 1278 814 1285 .
840 1253 985 1286 Heredes
1008 1261 1042 1285 se
1068 1253 1229 1285 constituit

886 1303 976 1331 natos
1002 1302 1174 1331 metuentes

845 1346 945 1387 Regni
970 1346 1125 1385 caelestis,

889 1394 1034 1433 quodque
1058 1395 1163 1432 perire
1185 1394 1304 1434 nequit.

807 1474 813 1480 .
841 1450 884 1481 Hi
910 1451 1012 1481 sancti
1035 1453 1123 1481 recte

889 1499 1046 1528 noverunt
1071 1498 1187 1529 caelica
1210 1497 1305 1537 faeta,

841 1544 926 1584 Quae
951 1544 1040 1575 nobis
1065 1546 1218 1585 pandunt,

887 1600 961 1623 mox
984 1590 1144 1623 imitemur
1172 1601 1219 1626 ea.

971 1667 1178 1701 Responsoria.

808 1751 814 1757 .
843 1725 952 1756 Patres
977 1723 1114 1756 familias

888 1774 1013 1803 nostros
1039 1780 1224 1804 veneremur
1249 1775 1390 1815 ovantes,

842 1819 866 1851 Ο
889 1818 1017 1859 fratres,
1042 1819 1097 1858 qui
1119 1822 1209 1851 tanta

892 1866 999 1898 delent
1023 1866 1206 1899 discrimina
1229 1868 1323 1907 vitae,

844 1914 942 1946 Orant.
967 1914 1093 1954 cotidie,

890 1969 930 1993 ne
946 1970 1003 1993 nos
1020 1962 1158 2001 perdant
1175 1962 1257 1993 mala
1272 1964 1391 1993 nostra.

842 2008 928 2041 Iusti
960 2008 1183 2040 hereditabunt
1215 2013 1336 2040 terram
1365 2011 1393 2039 et

844 2055 1082 2087 delectabuntur
1117 2056 1156 2087 ‘m
1185 2055 1393 2087 multitudine

836 2112 943 2143 pacm.

791 2161 822 2192 2.
850 2159 967 2192 Sedulo
992 2159 1178 2198 plangamus

893 2207 989 2247 igitur
1003 2205 1105 2238 scelus
1119 2214 1209 2237 omne
1221 2209 1392 2247 patratum,

844 2254 1052 2294 Ignoscetque
1075 2252 1161 2285 Deus

889 2301 981 2333 nobis
1005 2300 1145 2332 lacrimis
1167 2301 1225 2333 sed
1249 2302 1381 2343 obortis,

843 2348 1022 2381 Praestabit
1044 2356 1156 2387 pacem

889 2396 1033 2429 tribuens
1059 2398 1091 2427 et
1115 2399 1259 2437 tempora
1283 2399 1378 2433 laeta.
