1655 2534
678 116 936 152 —273—

362 210 568 247 Responsoria.

190 300 199 309 .
224 276 370 309 Primum
395 282 491 310 sonet

272 324 307 355 in
330 324 430 357 laude
454 326 619 365 praesulis

227 369 414 404 Conditoris

272 417 376 449 honor
402 421 436 450 et
459 420 574 459 gloria,

226 464 288 502 Qui
312 464 439 497 diffusis

273 511 435 544 donorum
459 513 574 545 rivulis

225 557 360 590 Patrem
386 560 482 592 nobis

274 605 368 637 (ledit
390 607 424 638 in
448 607 568 647 patria,

227 651 327 684 Cuius
352 653 422 685 vita

273 708 370 739 quam
395 700 496 740 digna
520 699 639 739 titulis,

227 745 326 778 Certa
357 743 477 790 [nobis]

270 793 413 833 probant
436 794 568 826 indicia.

187 864 194 872 .
228 839 336 879 Signis
361 838 468 880 fulget
491 839 558 872 fide
582 841 700 880 plenus

226 886 359 919 Clarum
386 896 504 926 gerens
531 889 647 927 ortum,
673 895 775 926 genus

270 933 322 965 Ex
347 933 472 965 illustri
498 933 618 965 Gallia.

191 1042 198 1049 .
225 1016 306 1048 Flos
334 1025 508 1059 erumpens
534 1018 568 1049 in
592 1017 724 1049 novella

269 1064 389 1096 Planta
412 1065 487 1105 puri
513 1064 672 1104 corporiS,

224 1110 276 1142 Ne
300 1111 455 1143 laedatur
480 1121 500 1143 a
524 1111 672 1151 procella

273 1157 493 1191 Circumventi
517 1158 675 1198 pectoris,

223 1204 352 1237 Munda
376 1206 499 1238 transit
525 1205 633 1237 carnis
661 1204 745 1236 cella

225 1252 332 1292 Scirpi
358 1252 488 1285 clausus
513 1253 548 1284 in
572 1251 699 1283 fiscella

272 1299 379 1331 Foedi
403 1299 511 1332 fluxus
537 1299 716 1339 temporis;

186 1369 193 1377 .
223 1346 299 1378 Non
315 1347 468 1387 irrumpit
485 1346 595 1379 cordis
608 1345 775 1385 templum,

226 1393 320 1432 Quod
344 1392 383 1424 fit
408 1403 503 1426 casus
527 1394 562 1425 in
591 1392 776 1432 exemplum

273 1440 338 1472 Sub
365 1440 480 1481 elapsu
504 1440 673 1480 temporis.

189 1548 197 1556 .
222 1525 274 1557 Ne
300 1525 461 1557 seducant
485 1525 599 1557 mundi
623 1532 707 1555 vana

274 1571 339 1603 Cor
363 1572 506 1604 illustris
531 1571 638 1612 pueri,

226 1619 348 1651 Sensus
374 1620 463 1660 regit
487 1622 579 1651 aetas
606 1627 698 1658 cana,

272 1666 375 1698 Fiunt
399 1676 477 1707 opes
504 1666 606 1706 oneri,

226 1713 296 1745 Iam
323 1717 483 1754 concepta
507 1716 617 1745 mente
643 1721 722 1744 sana

224 1760 305 1792 Mox
329 1769 509 1801 exsurgens
533 1761 568 1792 in
593 1761 750 1791 montana

274 1807 369 1839 Subit
393 1811 493 1849 raptu
519 1808 640 1847 celeri3

185 1880 192 1886 .
225 1854 393 1887 Christum
419 1864 561 1895 sequens
585 1854 679 1895 pacis
704 1853 760 1885 via

224 1902 341 1935 Nudus
364 1900 450 1943 fugit
479 1912 552 1935 cum
576 1901 677 1933 Helia

272 1949 338 1982 Sub
364 1950 483 1982 umbra
507 1949 661 1990 iuniperi.

190 2060 196 2067 .
223 2034 330 2075 Igitur
356 2043 428 2067 cum
454 2035 580 2067 ambitu

272 2082 394 2122 Spreta
417 2083 530 2115 mundi
557 2091 638 2115 cura

223 2129 352 2161 Ductus
380 2133 431 2163 est
456 2139 476 2162 a
501 2130 622 2171 spiritu

272 2176 337 2210 Sub
365 2177 502 2210 claustri
530 2186 670 2210 censura

226 2223 437 2258 Commutans
462 2234 537 2257 cum
562 2224 678 2258 habitu

272 2271 338 2303 Pro
365 2273 499 2305 summis
527 2281 654 2313 casura⁷

225 2318 291 2350 Per
319 2320 406 2359 quod
431 2321 465 2352 in
491 2320 630 2352 introitu

268 2366 344 2398 Non
367 2366 525 2400 formidat
549 2368 652 2407 dura3

208 2424 335 2451 Dreves,
349 2423 472 2449 Historiae
488 2426 643 2454 rhythmicae.
674 2424 724 2447 VH.

834 214 872 246 V.
903 213 968 254 Spe
993 222 1153 253 suspensa
1176 215 1319 246 muneris

903 261 1086 293 Relevatur
1110 262 1218 293 oneris

951 307 1073 339 Amore
1097 317 1264 348 pressura.

963 428 1009 460 In
1035 429 1065 460 2.
1090 429 1325 461 Nocturno.

1049 520 1243 557 Antiphonae.

848 588 878 620 1.
905 587 1119 627 Ingressurus

951 635 1085 674 praesul
1110 635 1278 666 oraculum

904 680 1029 712 Mentis
1054 682 1180 713 vultum

952 728 1043 759 lavat
1067 738 1087 760 a
1110 728 1259 769 maculis,

906 774 995 806 Fons
1021 777 1152 807 emanat

952 821 1038 861 iugis
1062 831 1123 862 per
1148 822 1286 862 oculum,

906 867 1050 899 Labrum
1075 869 1207 908 supplet

950 913 1071 945 factum
1097 914 1138 946 de
1163 915 1317 954 speculis,

846 970 877 1000 2.
902 969 1011 1000 Vitam
1036 970 1132 1010 petit,

954 1024 1049 1055 quam
1076 1016 1133 1048 dat
1157 1015 1303 1056 dilectio,

907 1062 1008 1094 Fides
1034 1064 1068 1093 et
1093 1071 1181 1103 spes,

952 1109 1004 1141 his
1025 1119 1085 1149 pro
1109 1109 1287 1142 virtutibus

907 1156 1044 1195 Quaerit
1068 1157 1217 1197 pulsans,

950 1203 1009 1235 sub
1034 1202 1099 1236 hoc
1123 1203 1268 1235 ternario

905 1250 1025 1282 Tribus
1051 1250 1175 1290 gaudet

953 1297 1050 1329 amici
1074 1297 1224 1338 panibus.

848 1355 878 1387 3.
907 1353 1012 1394 Super
1038 1363 1139 1394 aquas

954 1409 1026 1432 cum
1049 1400 1122 1433 Noe
1145 1399 1289 1432 fabricat

903 1448 1026 1480 Arcam
1052 1447 1162 1480 cordis

955 1495 1122 1535 complens
1147 1495 1182 1526 in
1207 1494 1361 1534 cubitum,

907 1541 988 1574 Cum
1013 1544 1048 1573 et
1071 1541 1183 1573 mundi

953 1591 1175 1629 contemptum
1200 1588 1355 1629 applicat,

906 1636 1059 1668 Actionis

952 1683 1084 1715 finalem
1109 1684 1243 1715 exitum.

848 1742 881 1773 4.
906 1740 1010 1772 Recte
1033 1740 1150 1772 laudes

954 1787 1112 1819 attollunt
1136 1790 1317 1828 strenuum,

908 1835 1010 1874 Quem
1034 1844 1100 1867 non
1124 1834 1264 1867 flectunt

956 1891 976 1914 a
999 1884 1092 1915 recto
1117 1891 1288 1922 prospera,

907 1929 1000 1961 Iuste
1026 1929 1150 1969 gaudet

956 1976 998 2009 de
1021 1974 1130 2009 fructu
1155 1985 1321 2016 manuum,

909 2024 1012 2063 Quem
1038 2024 1269 2056 commendant

956 2071 991 2102 in
1013 2071 1121 2110 portis
1146 2079 1317 2112 prospera.

851 2129 883 2161 5.
909 2128 1076 2168 Hymnum
1102 2128 1190 2160 dicat

956 2182 1116 2214 praesens
1143 2174 1328 2215 collegium,

910 2221 1078 2255 Christum
1105 2222 1223 2255 decent

956 2270 1063 2310 ipsum
1087 2269 1276 2311 praeconia,

912 2317 974 2357 Qui
1000 2319 1182 2358 assumpsit

959 2366 993 2397 in
1017 2366 1112 2407 regni
1138 2365 1254 2399 solium
