1655 2534
664 81 898 115 „59—

209 173 266 213 Qui
293 173 349 206 dat
370 175 455 207 omni
480 176 567 207 carni
593 176 705 214 cibum,

210 220 310 252 Tuam
334 222 381 253 sie
405 222 553 253 attollens
578 223 705 261 tribum,

253 268 338 300 Dum
360 276 426 300 rem
452 268 519 300 eius
543 278 671 310 ageres3

163 338 171 345 .
198 314 409 354 Obsequendo
435 314 546 347 deitati

247 361 354 393 Maior
376 359 415 392 fis
438 362 583 401 ingenua,

203 405 297 439 Cuius
323 410 436 440 cuncta
459 409 610 447 potestati

249 454 460 487 Incurvantur
481 464 591 496 genua.

169 533 177 541 .
200 509 284 541 Fide
307 511 394 543 lucet
417 511 573 549 redimita,

202 558 332 594 Quando
358 559 447 591 Iesus
471 558 590 598 inquit:
617 560 683 591 vita

251 604 325 636 Sum
352 607 383 636 et
407 606 607 645 resurrectio,

203 651 317 692 Credo,
343 661 417 683 mox
440 653 608 692 respondit
631 654 670 692 ei,

203 697 251 729 Tu
278 707 310 729 es
337 699 490 737 Christus,
517 702 609 731 natus
635 700 710 740 Dei;

250 744 312 785 Eu,
338 745 415 778 fidei
438 745 594 785 perfectio

161 816 169 823 .
201 792 236 823 In
264 792 322 823 hac
346 793 438 835 lucet,
466 801 528 832 qua
553 802 719 833 germanus

250 838 404 871 Suscitari
428 840 543 871 meruit

202 886 238 917 111
263 885 355 917 busto
380 886 619 926 quatriduanus,

250 932 346 971 Quem
373 932 491 965 Christi
516 942 577 966 vox
603 933 694 966 eruit,

266 1073 311 1105 In
338 1075 369 1105 2.
396 1072 623 1106 Nocturno.

344 1156 538 1191 Antiphonae.

167 1246 173 1253 .
204 1223 343 1254 Verbum
367 1223 483 1255 bonum
509 1224 662 1256 eructavit

250 1270 390 1310 Martha,
410 1270 472 1302 Dei
495 1270 572 1312 filia,

207 1316 292 1355 Quae
318 1317 451 1348 doctura
474 1317 694 1350 transfretavit

251 1363 356 1395 Multa
379 1363 482 1404 plebis
508 1364 604 1397 milia.

169 1444 177 1451 .
203 1418 371 1451 Transfert
385 1423 507 1452 montes
524 1421 557 1452 in
577 1430 631 1453 cor
649 1423 755 1463 maris,

252 1466 336 1497 Dum
361 1467 457 1499 fidem
482 1470 647 1508 astrueret,

204 1513 246 1544 Et
271 1514 311 1545 ab
337 1522 375 1546 ea
398 1515 547 1546 salutaris

251 1560 347 1592 Verbi
371 1561 458 1594 rivus
482 1560 604 1595 flueret.

170 1643 176 1649 .
203 1617 315 1648 Monte
339 1619 449 1649 sancto
474 1618 611 1651 solidata

253 1663 298 1695 Et
319 1664 354 1695 in
378 1667 472 1704 petra
494 1664 619 1697 stabilis

207 1710 336 1742 i'lebem
363 1712 455 1744 docet
479 1711 547 1744 Deo
573 1715 663 1752 grata

248 1757 296 1789 Et
319 1758 437 1792 mundo
462 1759 617 1793 amabilis,

334 1842 541 1878 Responsoria.

166 1932 174 1940 .
201 1907 410 1941 Proficiscens
434 1910 514 1942 haec
537 1911 655 1943 sororis

201 1956 414 1989 Tarasconem
440 1961 472 1989 et
495 1958 628 1990 rectoris

254 2003 392 2037 Obtenta
416 2005 546 2038 lieentia

204 2050 363 2083 Revelare
386 2052 490 2085 Iesum
516 2053 640 2093 quaerit

202 2097 246 2129 Et
271 2099 383 2131 salutis
409 2100 540 2132 verbum
566 2101 643 2131 serit

252 2145 391 2179 Grandis
417 2147 615 2191 eloquentia3

160 2220 166 2227 .
199 2192 400 2226 Homicidam
426 2197 459 2226 et
482 2203 627 2227 voracem

247 2240 349 2273 Cruce
373 2242 502 2274 vincens
527 2242 671 2282 bestiam,

200 2288 297 2321 Clara
319 2289 418 2330 signis
443 2289 508 2322 fert
529 2290 573 2322 ad
596 2299 709 2330 paoem

243 2336 359 2376 Populi
383 2337 570 2372 molestiam,

826 177 857 209 2.
883 175 928 209 Ut
951 175 1118 207 mittantur
1143 178 1329 207 convocatos

886 223 931 255 Et
953 222 995 255 ad
1018 231 1096 261 opus
1122 223 1294 254 destinatos

930 269 1077 309 Sequitur
1103 268 1286 309 discipulos,

883 317 1066 348 Exsistente
1089 315 1189 346 multa
1212 323 1313 346 messe

883 362 1057 394 Laboravit
1080 360 1240 393 indefesse

931 409 1089 448 Colligens
1113 408 1309 447 manipulos;

814 456 852 487 V.
881 456 985 496 Signis
1010 454 1108 487 verba
1132 454 1327 487 confirmavit

930 503 1030 535 Plena
1052 501 1114 534 Dei
1137 503 1266 533 numine

880 550 924 582 Et
947 559 967 581 a
990 551 1091 580 morte
1115 548 1280 580 suscitavit

932 596 1134 628 Submersum
1158 596 1191 628 in
1215 593 1352 629 flumine,

827 657 858 688 3-
885 655 992 687 Pollet
1012 652 1162 685 firmitate
1182 652 1252 693 spei

882 700 1115 740 Respondendo
1140 702 1214 731 nato
1238 698 1299 730 Dei

929 748 981 780 De
1006 747 1058 779 die
1081 747 1250 778 novissimo

882 796 926 827 Et
950 794 1113 826 subiunxit
1136 795 1348 825 surrecturam

885 842 1016 874 Carnem
1043 840 1084 872 ad
1109 841 1205 872 vitam
1231 838 1366 871 futuram

928 888 1079 920 Sermone
1104 886 1296 929 clarissim03

811 935 848 966 V.
878 934 1086 973 Exspectavit
1109 941 1197 972 spem
1222 934 1346 964 beatam

928 981 973 1013 Et
996 981 1165 1013 adventum
1189 979 1327 1017 Domini,

886 1028 927 1060 So
953 1037 990 1060 ex
1015 1036 1051 1059 eo
1075 1027 1213 1059 reddens
1238 1029 1359 1065 gratam

931 1075 1009 1107 Eius
1034 1076 1143 1106 sancto
1168 1072 1296 1105 nomini.

941 1208 991 1239 In
1017 1207 1048 1240 3.
1075 1205 1304 1238 Nocturna

1027 1280 1220 1315 Antiphonae.

829 1340 859 1371 1.
885 1339 971 1371 Ante
995 1338 1095 1371 Deum
1120 1337 1207 1369 velut
1230 1345 1303 1368 rosa

932 1386 1065 1426 Fraglat
1088 1384 1294 1415 sanctimonia

883 1433 927 1465 Ei.
949 1434 982 1464 in
1006 1432 1105 1470 signis
1129 1431 1268 1471 gratiosa

930 1479 1088 1519 Reprimit
1114 1477 1286 1509 daemonia.

827 1540 857 1570 2.
886 1537 985 1569 Cursu
1011 1536 1095 1567 vitae
1118 1535 1180 1566 iam
1209 1535 1364 1574 completo

932 1584 1020 1616 iusta
1045 1582 1170 1622 quando
1194 1582 1337 1619 moritur,

886 1630 1030 1664 Christus
1056 1630 1144 1661 vultu
1169 1629 1230 1660 sibi
1254 1628 1338 1660 laeto

931 1676 1000 1710 Lux
1024 1676 1173 1716 perennis
1198 1676 1307 1707 oritur.

826 1738 858 1769 3.
885 1734 978 1768 Orbis
1003 1737 1108 1765 terrae
1132 1741 1238 1764 eoram
1263 1732 1329 1764 Deo

931 1781 1069 1814 Plaudat
1092 1782 1186 1820 atque
1212 1778 1350 1817 flumina,

883 1830 941 1869 Qui
964 1828 1127 1860 Martham
1150 1827 1240 1860 vexit
1263 1827 1302 1859 ab
1329 1835 1365 1858 eo

929 1876 982 1909 Ad
1008 1875 1087 1907 caeli
1113 1875 1284 1908 cacumina.

1021 1949 1228 1985 Responsoria,

830 2009 858 2041 1.
888 2008 955 2040 Ista
979 2008 1041 2039 sibi
1065 2008 1128 2040 iam
1152 2015 1215 2038 non
1241 2006 1329 2046 vixit,

887 2056 986 2088 Fame
1011 2063 1125 2094 corpus
1145 2054 1203 2085 sed
1227 2051 1360 2096 adflixit,

937 2102 995 2134 Cui
1021 2100 1253 2140 contemplatio,

886 2148 1112 2181 Commendata
1135 2156 1211 2187 pars
1236 2147 1364 2187 sororis,

886 2196 1038 2236 Supernis
1064 2194 1189 2227 vacanti
1216 2195 1319 2226 choris

931 2242 1043 2276 Manet
1063 2242 1096 2274 in
1122 2242 1257 2281 solaci03

814 2291 851 2326 V.
883 2291 999 2323 Somno
1025 2289 1113 2321 brevi
1137 2292 1285 2330 soporata

930 2338 983 2371 Ad
1007 2346 1119 2378 preces
1143 2337 1323 2378 regreditur
