<?xml version="1.0" encoding="UTF-8"?>
<!DOCTYPE html PUBLIC "-//W3C//DTD XHTML 1.0 Transitional//EN"
    "http://www.w3.org/TR/xhtml1/DTD/xhtml1-transitional.dtd">
<html xmlns="http://www.w3.org/1999/xhtml" xml:lang="en" lang="en">
 <head>
  <title>
</title>
<meta http-equiv="Content-Type" content="text/html;charset=utf-8" />
  <meta name='ocr-system' content='tesseract 3.04.00' />
  <meta name='ocr-capabilities' content='ocr_page ocr_carea ocr_par ocr_line ocrx_word'/>
</head>
<body>
  <div class='ocr_page' id='page_1' title='image "./analectahymnica28drevuoft_00116.png"; bbox 0 0 1655 2534; ppageno 0'>
   <div class='ocr_carea' id='block_1_1' title="bbox 646 107 895 143">
    <p class='ocr_par' dir='ltr' id='par_1_1' title="bbox 646 107 895 143">
     <span class='ocr_line' id='line_1_1' title="bbox 646 107 895 143; baseline 0 0"><span class='ocrx_word' id='word_1_1' title='bbox 646 107 895 143; x_wconf 72' lang='lat'>-113—</span> 
     </span>
    </p>
   </div>
   <div class='ocr_carea' id='block_1_2' title="bbox 253 199 615 236">
    <p class='ocr_par' dir='ltr' id='par_1_2' title="bbox 253 199 615 236">
     <span class='ocr_line' id='line_1_2' title="bbox 253 199 615 236; baseline 0.011 -4"><span class='ocrx_word' id='word_1_2' title='bbox 253 200 302 232; x_wconf 87' lang='lat' dir='ltr'>In</span> <span class='ocrx_word' id='word_1_3' title='bbox 328 200 360 236; x_wconf 83' lang='lat'>1.</span> <span class='ocrx_word' id='word_1_4' title='bbox 384 199 615 236; x_wconf 75' lang='lat' dir='ltr'>NocturnO.</span> 
     </span>
    </p>
   </div>
   <div class='ocr_carea' id='block_1_3' title="bbox 339 293 533 329">
    <p class='ocr_par' dir='ltr' id='par_1_3' title="bbox 339 293 533 329">
     <span class='ocr_line' id='line_1_3' title="bbox 339 293 533 329; baseline 0.005 -8"><span class='ocrx_word' id='word_1_5' title='bbox 339 293 533 329; x_wconf 76' lang='lat' dir='ltr'>Antiphonae.</span> 
     </span>
    </p>
   </div>
   <div class='ocr_carea' id='block_1_4' title="bbox 138 359 681 541">
    <p class='ocr_par' dir='ltr' id='par_1_4' title="bbox 138 359 681 541">
     <span class='ocr_line' id='line_1_4' title="bbox 138 359 681 394; baseline 0.006 -3"><span class='ocrx_word' id='word_1_6' title='bbox 138 360 169 391; x_wconf 89' lang='lat'>1.</span> <span class='ocrx_word' id='word_1_7' title='bbox 198 359 257 391; x_wconf 88' lang='lat' dir='ltr'>Isti</span> <span class='ocrx_word' id='word_1_8' title='bbox 283 360 422 392; x_wconf 87' lang='lat' dir='ltr'>fructum</span> <span class='ocrx_word' id='word_1_9' title='bbox 446 369 536 392; x_wconf 89' lang='lat' dir='ltr'>suum</span> <span class='ocrx_word' id='word_1_10' title='bbox 562 362 681 394; x_wconf 92' lang='lat' dir='ltr'>dabunt</span> 
     </span>
     <span class='ocr_line' id='line_1_5' title="bbox 243 407 617 449; baseline 0.005 -11"><span class='ocrx_word' id='word_1_11' title='bbox 243 407 442 448; x_wconf 85' lang='lat' dir='ltr'>Resurgendi</span> <span class='ocrx_word' id='word_1_12' title='bbox 466 411 617 449; x_wconf 83' lang='lat' dir='ltr'>tempore,</span> 
     </span>
     <span class='ocr_line' id='line_1_6' title="bbox 194 452 633 493; baseline 0.007 -9"><span class='ocrx_word' id='word_1_13' title='bbox 194 452 278 484; x_wconf 90' lang='lat' dir='ltr'>Dum</span> <span class='ocrx_word' id='word_1_14' title='bbox 302 452 477 493; x_wconf 85' lang='lat' dir='ltr'>glorificato</span> <span class='ocrx_word' id='word_1_15' title='bbox 503 455 633 487; x_wconf 90' lang='lat' dir='ltr'>stabunt</span> 
     </span>
     <span class='ocr_line' id='line_1_7' title="bbox 243 500 602 541; baseline 0.008 -10"><span class='ocrx_word' id='word_1_16' title='bbox 243 500 306 532; x_wconf 91' lang='lat' dir='ltr'>Hic</span> <span class='ocrx_word' id='word_1_17' title='bbox 329 502 432 533; x_wconf 88' lang='lat' dir='ltr'>locato</span> <span class='ocrx_word' id='word_1_18' title='bbox 458 510 602 541; x_wconf 89' lang='lat' dir='ltr'>corpore.</span> 
     </span>
    </p>
   </div>
   <div class='ocr_carea' id='block_1_5' title="bbox 138 555 673 644">
    <p class='ocr_par' dir='ltr' id='par_1_5' title="bbox 138 555 673 644">
     <span class='ocr_line' id='line_1_8' title="bbox 138 555 673 598; baseline 0.004 -10"><span class='ocrx_word' id='word_1_19' title='bbox 138 558 169 589; x_wconf 86' lang='lat'>2.</span> <span class='ocrx_word' id='word_1_20' title='bbox 196 555 318 588; x_wconf 85' lang='lat' dir='ltr'><strong>Lumen</strong></span> <span class='ocrx_word' id='word_1_21' title='bbox 342 566 438 598; x_wconf 88' lang='lat' dir='ltr'>super</span> <span class='ocrx_word' id='word_1_22' title='bbox 461 566 496 589; x_wconf 91' lang='lat' dir='ltr'>se</span> <span class='ocrx_word' id='word_1_23' title='bbox 520 558 673 598; x_wconf 85' lang='lat' dir='ltr'>signatum</span> 
     </span>
     <span class='ocr_line' id='line_1_9' title="bbox 243 604 605 644; baseline 0.006 -9"><span class='ocrx_word' id='word_1_24' title='bbox 243 604 357 635; x_wconf 88' lang='lat' dir='ltr'>Vultus</span> <span class='ocrx_word' id='word_1_25' title='bbox 379 604 435 644; x_wconf 89' lang='lat' dir='ltr'>tui,</span> <span class='ocrx_word' id='word_1_26' title='bbox 461 605 605 644; x_wconf 83' lang='lat' dir='ltr'>Domine,</span> 
     </span>
    </p>
   </div>
   <div class='ocr_carea' id='block_1_6' title="bbox 192 649 715 690">
    <p class='ocr_par' dir='ltr' id='par_1_6' title="bbox 192 649 715 690">
     <span class='ocr_line' id='line_1_10' title="bbox 192 649 715 690; baseline 0.008 -9"><span class='ocrx_word' id='word_1_27' title='bbox 192 649 295 690; x_wconf 84' lang='lat' dir='ltr'>Signis</span> <span class='ocrx_word' id='word_1_28' title='bbox 320 654 497 683; x_wconf 86' lang='lat' dir='ltr'>monstrant</span> <span class='ocrx_word' id='word_1_29' title='bbox 522 652 715 685; x_wconf 90' lang='lat' dir='ltr'>declaratum</span> 
     </span>
    </p>
   </div>
   <div class='ocr_carea' id='block_1_7' title="bbox 139 697 599 793">
    <p class='ocr_par' dir='ltr' id='par_1_7' title="bbox 139 697 599 793">
     <span class='ocr_line' id='line_1_11' title="bbox 241 697 599 731; baseline 0.008 -3"><span class='ocrx_word' id='word_1_30' title='bbox 241 697 287 729; x_wconf 87' lang='lat' dir='ltr'>Et</span> <span class='ocrx_word' id='word_1_31' title='bbox 310 698 461 730; x_wconf 90' lang='lat' dir='ltr'>virtutum</span> <span class='ocrx_word' id='word_1_32' title='bbox 487 700 599 731; x_wconf 91' lang='lat' dir='ltr'>omine.</span> 
     </span>
     <span class='ocr_line' id='line_1_12' title="bbox 139 751 576 793; baseline 0.002 -7"><span class='ocrx_word' id='word_1_33' title='bbox 139 754 171 786; x_wconf 85' lang='lat'>3.</span> <span class='ocrx_word' id='word_1_34' title='bbox 197 751 302 793; x_wconf 85' lang='lat' dir='ltr'>Super</span> <span class='ocrx_word' id='word_1_35' title='bbox 327 755 430 786; x_wconf 86' lang='lat' dir='ltr'>caelos</span> <span class='ocrx_word' id='word_1_36' title='bbox 452 754 576 787; x_wconf 88' lang='lat' dir='ltr'>elevata</span> 
     </span>
    </p>
   </div>
   <div class='ocr_carea' id='block_1_8' title="bbox 239 800 694 843">
    <p class='ocr_par' dir='ltr' id='par_1_8' title="bbox 239 800 694 843">
     <span class='ocr_line' id='line_1_13' title="bbox 239 800 694 843; baseline 0.002 -11"><span class='ocrx_word' id='word_1_37' title='bbox 239 800 333 832; x_wconf 84' lang='lat' dir='ltr'>Mens</span> <span class='ocrx_word' id='word_1_38' title='bbox 359 802 538 832; x_wconf 86' lang='lat' dir='ltr'>sanctorum</span> <span class='ocrx_word' id='word_1_39' title='bbox 564 802 694 843; x_wconf 84' lang='lat' dir='ltr'>exstitit,</span> 
     </span>
    </p>
   </div>
   <div class='ocr_carea' id='block_1_9' title="bbox 195 846 662 934">
    <p class='ocr_par' dir='ltr' id='par_1_9' title="bbox 195 846 662 934">
     <span class='ocr_line' id='line_1_14' title="bbox 195 846 662 886; baseline 0.004 -8"><span class='ocrx_word' id='word_1_40' title='bbox 195 846 277 879; x_wconf 89' lang='lat' dir='ltr'>Caro</span> <span class='ocrx_word' id='word_1_41' title='bbox 302 856 434 886; x_wconf 86' lang='lat' dir='ltr'>quorum</span> <span class='ocrx_word' id='word_1_42' title='bbox 457 847 510 878; x_wconf 92' lang='lat' dir='ltr'>hic</span> <span class='ocrx_word' id='word_1_43' title='bbox 534 848 662 880; x_wconf 88' lang='lat' dir='ltr'>humata</span> 
     </span>
     <span class='ocr_line' id='line_1_15' title="bbox 242 894 642 934; baseline 0.003 -9"><span class='ocrx_word' id='word_1_44' title='bbox 242 894 304 925; x_wconf 89' lang='lat' dir='ltr'>Tot</span> <span class='ocrx_word' id='word_1_45' title='bbox 328 894 447 925; x_wconf 88' lang='lat' dir='ltr'>salutes</span> <span class='ocrx_word' id='word_1_46' title='bbox 472 895 642 934; x_wconf 86' lang='lat' dir='ltr'>praestitit.</span> 
     </span>
    </p>
   </div>
   <div class='ocr_carea' id='block_1_10' title="bbox 134 949 668 1123">
    <p class='ocr_par' dir='ltr' id='par_1_10' title="bbox 134 949 668 1037">
     <span class='ocr_line' id='line_1_16' title="bbox 134 949 668 983; baseline 0 -1"><span class='ocrx_word' id='word_1_47' title='bbox 134 951 166 983; x_wconf 87' lang='lat'>4.</span> <span class='ocrx_word' id='word_1_48' title='bbox 189 949 257 982; x_wconf 88' lang='lat' dir='ltr'>Hos</span> <span class='ocrx_word' id='word_1_49' title='bbox 282 950 315 981; x_wconf 88' lang='lat' dir='ltr'>in</span> <span class='ocrx_word' id='word_1_50' title='bbox 339 951 447 982; x_wconf 87' lang='lat' dir='ltr'>monte</span> <span class='ocrx_word' id='word_1_51' title='bbox 470 950 547 982; x_wconf 89' lang='lat' dir='ltr'>sitos</span> <span class='ocrx_word' id='word_1_52' title='bbox 573 951 668 982; x_wconf 90' lang='lat' dir='ltr'>caelis</span> 
     </span>
     <span class='ocr_line' id='line_1_17' title="bbox 240 996 596 1037; baseline -0.003 -8"><span class='ocrx_word' id='word_1_53' title='bbox 240 996 362 1029; x_wconf 82' lang='lat' dir='ltr'><strong>Scimus</strong></span> <span class='ocrx_word' id='word_1_54' title='bbox 387 996 596 1037; x_wconf 87' lang='lat' dir='ltr'>requiescere,</span> 
     </span>
    </p>

    <p class='ocr_par' dir='ltr' id='par_1_11' title="bbox 194 1044 654 1123">
     <span class='ocr_line' id='line_1_18' title="bbox 194 1044 654 1083; baseline 0.002 -8"><span class='ocrx_word' id='word_1_55' title='bbox 194 1044 332 1083; x_wconf 78' lang='lat' dir='ltr'>Quorum</span> <span class='ocrx_word' id='word_1_56' title='bbox 355 1051 426 1076; x_wconf 85' lang='lat' dir='ltr'>ossa</span> <span class='ocrx_word' id='word_1_57' title='bbox 450 1045 499 1075; x_wconf 83' lang='lat' dir='ltr'>tot</span> <span class='ocrx_word' id='word_1_58' title='bbox 522 1044 654 1076; x_wconf 87' lang='lat' dir='ltr'>medelis</span> 
     </span>
     <span class='ocr_line' id='line_1_19' title="bbox 241 1090 615 1123; baseline 0 0"><span class='ocrx_word' id='word_1_59' title='bbox 241 1090 406 1123; x_wconf 83' lang='lat' dir='ltr'>Cernimus</span> <span class='ocrx_word' id='word_1_60' title='bbox 432 1090 615 1123; x_wconf 80' lang='lat' dir='ltr'>clarescere.</span> 
     </span>
    </p>
   </div>
   <div class='ocr_carea' id='block_1_11' title="bbox 135 1146 662 1320">
    <p class='ocr_par' dir='ltr' id='par_1_12' title="bbox 135 1146 662 1320">
     <span class='ocr_line' id='line_1_20' title="bbox 135 1146 649 1181; baseline 0.004 -4"><span class='ocrx_word' id='word_1_61' title='bbox 135 1149 166 1181; x_wconf 87' lang='lat'>5.</span> <span class='ocrx_word' id='word_1_62' title='bbox 192 1146 306 1178; x_wconf 86' lang='lat' dir='ltr'>Mundi</span> <span class='ocrx_word' id='word_1_63' title='bbox 328 1146 472 1178; x_wconf 87' lang='lat' dir='ltr'>manibus</span> <span class='ocrx_word' id='word_1_64' title='bbox 498 1149 530 1177; x_wconf 91' lang='lat' dir='ltr'>et</span> <span class='ocrx_word' id='word_1_65' title='bbox 554 1147 649 1179; x_wconf 86' lang='lat' dir='ltr'>corde</span> 
     </span>
     <span class='ocr_line' id='line_1_21' title="bbox 239 1193 581 1233; baseline 0 -8"><span class='ocrx_word' id='word_1_66' title='bbox 239 1193 348 1225; x_wconf 79' lang='lat' dir='ltr'>Sancti</span> <span class='ocrx_word' id='word_1_67' title='bbox 371 1193 581 1233; x_wconf 85' lang='lat' dir='ltr'>perstiterunt</span> 
     </span>
     <span class='ocr_line' id='line_1_22' title="bbox 190 1240 662 1279; baseline 0.002 -7"><span class='ocrx_word' id='word_1_68' title='bbox 190 1240 236 1272; x_wconf 91' lang='lat' dir='ltr'>Et</span> <span class='ocrx_word' id='word_1_69' title='bbox 259 1240 410 1273; x_wconf 75' lang='lat' dir='ltr'>virtutum</span> <span class='ocrx_word' id='word_1_70' title='bbox 435 1242 544 1279; x_wconf 86' lang='lat' dir='ltr'>spreta</span> <span class='ocrx_word' id='word_1_71' title='bbox 568 1241 662 1273; x_wconf 88' lang='lat' dir='ltr'>sorde</span> 
     </span>
     <span class='ocr_line' id='line_1_23' title="bbox 237 1287 625 1320; baseline 0.005 -2"><span class='ocrx_word' id='word_1_72' title='bbox 237 1287 379 1318; x_wconf 89' lang='lat' dir='ltr'>Montem</span> <span class='ocrx_word' id='word_1_73' title='bbox 404 1287 625 1320; x_wconf 89' lang='lat' dir='ltr'>ascenderunt.</span> 
     </span>
    </p>
   </div>
   <div class='ocr_carea' id='block_1_12' title="bbox 133 1343 548 1377">
    <p class='ocr_par' dir='ltr' id='par_1_13' title="bbox 133 1343 548 1377">
     <span class='ocr_line' id='line_1_24' title="bbox 133 1343 548 1377; baseline -0.007 0"><span class='ocrx_word' id='word_1_74' title='bbox 133 1345 164 1377; x_wconf 87' lang='lat'>6.</span> <span class='ocrx_word' id='word_1_75' title='bbox 192 1344 324 1376; x_wconf 85' lang='lat' dir='ltr'>Sanctos</span> <span class='ocrx_word' id='word_1_76' title='bbox 349 1343 405 1375; x_wconf 91' lang='lat' dir='ltr'>hos</span> <span class='ocrx_word' id='word_1_77' title='bbox 430 1345 548 1374; x_wconf 90' lang='lat' dir='ltr'>tectum</span> 
     </span>
    </p>
   </div>
   <div class='ocr_carea' id='block_1_13' title="bbox 235 1390 739 1430">
    <p class='ocr_par' dir='ltr' id='par_1_14' title="bbox 235 1390 739 1430">
     <span class='ocr_line' id='line_1_25' title="bbox 235 1390 739 1430; baseline 0.002 -9"><span class='ocrx_word' id='word_1_78' title='bbox 235 1390 299 1422; x_wconf 87' lang='lat' dir='ltr'>iam</span> <span class='ocrx_word' id='word_1_79' title='bbox 334 1390 450 1421; x_wconf 84' lang='lat' dir='ltr'>crimen</span> <span class='ocrx_word' id='word_1_80' title='bbox 484 1399 593 1422; x_wconf 89' lang='lat' dir='ltr'>amans</span> <span class='ocrx_word' id='word_1_81' title='bbox 617 1399 739 1430; x_wconf 88' lang='lat' dir='ltr'>quoque</span> 
     </span>
    </p>
   </div>
   <div class='ocr_carea' id='block_1_14' title="bbox 189 1440 633 1570">
    <p class='ocr_par' dir='ltr' id='par_1_15' title="bbox 189 1440 633 1570">
     <span class='ocr_line' id='line_1_26' title="bbox 513 1440 633 1468; baseline 0 0"><span class='ocrx_word' id='word_1_82' title='bbox 513 1440 633 1468; x_wconf 89' lang='lat' dir='ltr'>rectum</span> 
     </span>
     <span class='ocr_line' id='line_1_27' title="bbox 189 1484 568 1524; baseline -0.003 -8"><span class='ocrx_word' id='word_1_83' title='bbox 189 1484 327 1524; x_wconf 77' lang='lat' dir='ltr'>Spiritus</span> <span class='ocrx_word' id='word_1_84' title='bbox 352 1484 470 1523; x_wconf 88' lang='lat' dir='ltr'>absque</span> <span class='ocrx_word' id='word_1_85' title='bbox 496 1484 568 1515; x_wconf 90' lang='lat' dir='ltr'>dolo</span> 
     </span>
     <span class='ocr_line' id='line_1_28' title="bbox 236 1531 533 1570; baseline 0.003 -8"><span class='ocrx_word' id='word_1_86' title='bbox 236 1531 428 1563; x_wconf 88' lang='lat' dir='ltr'>constituere</span> <span class='ocrx_word' id='word_1_87' title='bbox 449 1531 533 1570; x_wconf 82' lang='lat' dir='ltr'>polo.</span> 
     </span>
    </p>
   </div>
   <div class='ocr_carea' id='block_1_15' title="bbox 327 1615 533 1649">
    <p class='ocr_par' dir='ltr' id='par_1_16' title="bbox 327 1615 533 1649">
     <span class='ocr_line' id='line_1_29' title="bbox 327 1615 533 1649; baseline 0 -7"><span class='ocrx_word' id='word_1_88' title='bbox 327 1615 533 1649; x_wconf 83' lang='lat' dir='ltr'>Responsoria.</span> 
     </span>
    </p>
   </div>
   <div class='ocr_carea' id='block_1_16' title="bbox 123 1680 604 1864">
    <p class='ocr_par' dir='ltr' id='par_1_17' title="bbox 132 1680 604 1816">
     <span class='ocr_line' id='line_1_30' title="bbox 132 1680 604 1723; baseline -0.002 -8"><span class='ocrx_word' id='word_1_89' title='bbox 132 1683 162 1716; x_wconf 91' lang='lat'>1.</span> <span class='ocrx_word' id='word_1_90' title='bbox 188 1682 289 1723; x_wconf 87' lang='lat' dir='ltr'>Assis,</span> <span class='ocrx_word' id='word_1_91' title='bbox 317 1682 451 1721; x_wconf 81' lang='lat' dir='ltr'>Christe,</span> <span class='ocrx_word' id='word_1_92' title='bbox 477 1680 604 1714; x_wconf 89' lang='lat' dir='ltr'>famulis</span> 
     </span>
     <span class='ocr_line' id='line_1_31' title="bbox 191 1729 594 1762; baseline -0.002 -1"><span class='ocrx_word' id='word_1_93' title='bbox 191 1729 254 1762; x_wconf 88' lang='lat' dir='ltr'>Hic</span> <span class='ocrx_word' id='word_1_94' title='bbox 278 1731 458 1761; x_wconf 85' lang='lat' dir='ltr'>sanctorum</span> <span class='ocrx_word' id='word_1_95' title='bbox 482 1729 594 1760; x_wconf 91' lang='lat' dir='ltr'>loculis</span> 
     </span>
     <span class='ocr_line' id='line_1_32' title="bbox 193 1776 556 1816; baseline 0 -9"><span class='ocrx_word' id='word_1_96' title='bbox 193 1776 402 1815; x_wconf 87' lang='lat' dir='ltr'>Obsequendo</span> <span class='ocrx_word' id='word_1_97' title='bbox 427 1776 556 1816; x_wconf 89' lang='lat' dir='ltr'>sedulis,</span> 
     </span>
    </p>

    <p class='ocr_par' dir='ltr' id='par_1_18' title="bbox 123 1822 468 1864">
     <span class='ocr_line' id='line_1_33' title="bbox 123 1822 468 1864; baseline -0.009 -8"><span class='ocrx_word' id='word_1_98' title='bbox 123 1824 161 1856; x_wconf 88' lang='lat' dir='ltr'>V.</span> <span class='ocrx_word' id='word_1_99' title='bbox 191 1822 247 1854; x_wconf 88' lang='lat' dir='ltr'>Nil</span> <span class='ocrx_word' id='word_1_100' title='bbox 272 1823 468 1864; x_wconf 84' lang='lat' dir='ltr'>adversetur,</span> 
     </span>
    </p>
   </div>
   <div class='ocr_carea' id='block_1_17' title="bbox 239 1869 698 1904">
    <p class='ocr_par' dir='ltr' id='par_1_19' title="bbox 239 1869 698 1904">
     <span class='ocr_line' id='line_1_34' title="bbox 239 1869 698 1904; baseline 0.004 -3"><span class='ocrx_word' id='word_1_101' title='bbox 239 1870 285 1901; x_wconf 91' lang='lat' dir='ltr'>nil</span> <span class='ocrx_word' id='word_1_102' title='bbox 309 1870 400 1902; x_wconf 90' lang='lat' dir='ltr'>triste</span> <span class='ocrx_word' id='word_1_103' title='bbox 423 1869 486 1901; x_wconf 91' lang='lat' dir='ltr'>tuis</span> <span class='ocrx_word' id='word_1_104' title='bbox 512 1870 698 1904; x_wconf 85' lang='lat' dir='ltr'>dominetur.</span> 
     </span>
    </p>
   </div>
   <div class='ocr_carea' id='block_1_18' title="bbox 135 1926 574 1971">
    <p class='ocr_par' dir='ltr' id='par_1_20' title="bbox 135 1926 574 1971">
     <span class='ocr_line' id='line_1_35' title="bbox 135 1926 574 1971; baseline -0.005 -11"><span class='ocrx_word' id='word_1_105' title='bbox 135 1929 167 1960; x_wconf 83' lang='lat'>2.</span> <span class='ocrx_word' id='word_1_106' title='bbox 192 1928 256 1959; x_wconf 83' lang='lat' dir='ltr'>Per</span> <span class='ocrx_word' id='word_1_107' title='bbox 280 1929 415 1969; x_wconf 81' lang='lat' dir='ltr'>sanctos,</span> <span class='ocrx_word' id='word_1_108' title='bbox 440 1926 574 1971; x_wconf 86' lang='lat' dir='ltr'>Christe,</span> 
     </span>
    </p>
   </div>
   <div class='ocr_carea' id='block_1_19' title="bbox 236 1974 714 2014">
    <p class='ocr_par' dir='ltr' id='par_1_21' title="bbox 236 1974 714 2014">
     <span class='ocr_line' id='line_1_36' title="bbox 236 1974 714 2014; baseline 0.004 -8"><span class='ocrx_word' id='word_1_109' title='bbox 236 1983 312 2014; x_wconf 85' lang='lat' dir='ltr'>quos</span> <span class='ocrx_word' id='word_1_110' title='bbox 339 1975 386 2006; x_wconf 90' lang='lat' dir='ltr'>sic</span> <span class='ocrx_word' id='word_1_111' title='bbox 410 1974 519 2006; x_wconf 88' lang='lat' dir='ltr'>humat</span> <span class='ocrx_word' id='word_1_112' title='bbox 541 1975 630 2007; x_wconf 91' lang='lat' dir='ltr'>locus</span> <span class='ocrx_word' id='word_1_113' title='bbox 652 1976 714 2008; x_wconf 89' lang='lat' dir='ltr'>iste</span> 
     </span>
    </p>
   </div>
   <div class='ocr_carea' id='block_1_20' title="bbox 117 2020 676 2156">
    <p class='ocr_par' dir='ltr' id='par_1_22' title="bbox 117 2020 676 2156">
     <span class='ocr_line' id='line_1_37' title="bbox 188 2020 539 2062; baseline -0.006 -7"><span class='ocrx_word' id='word_1_114' title='bbox 188 2022 287 2055; x_wconf 89' lang='lat' dir='ltr'>Omne</span> <span class='ocrx_word' id='word_1_115' title='bbox 310 2020 422 2062; x_wconf 83' lang='lat' dir='ltr'>fugans</span> <span class='ocrx_word' id='word_1_116' title='bbox 446 2022 539 2054; x_wconf 78' lang='lat' dir='ltr'>triste</span> 
     </span>
     <span class='ocr_line' id='line_1_38' title="bbox 234 2069 676 2112; baseline 0.002 -11"><span class='ocrx_word' id='word_1_117' title='bbox 234 2078 290 2102; x_wconf 93' lang='lat' dir='ltr'>nos</span> <span class='ocrx_word' id='word_1_118' title='bbox 315 2078 413 2109; x_wconf 88' lang='lat' dir='ltr'>super</span> <span class='ocrx_word' id='word_1_119' title='bbox 435 2069 566 2102; x_wconf 82' lang='lat' dir='ltr'>aethera</span> <span class='ocrx_word' id='word_1_120' title='bbox 589 2070 676 2112; x_wconf 85' lang='lat' dir='ltr'>siste,</span> 
     </span>
     <span class='ocr_line' id='line_1_39' title="bbox 117 2116 466 2156; baseline -0.003 -8"><span class='ocrx_word' id='word_1_121' title='bbox 117 2116 154 2149; x_wconf 91' lang='lat' dir='ltr'>V.</span> <span class='ocrx_word' id='word_1_122' title='bbox 185 2116 235 2148; x_wconf 86' lang='lat' dir='ltr'>Ne</span> <span class='ocrx_word' id='word_1_123' title='bbox 260 2125 353 2148; x_wconf 88' lang='lat' dir='ltr'>cursu</span> <span class='ocrx_word' id='word_1_124' title='bbox 378 2116 466 2156; x_wconf 83' lang='lat' dir='ltr'>segni</span> 
     </span>
    </p>
   </div>
   <div class='ocr_carea' id='block_1_21' title="bbox 129 2164 675 2452">
    <p class='ocr_par' dir='ltr' id='par_1_23' title="bbox 129 2164 675 2452">
     <span class='ocr_line' id='line_1_40' title="bbox 232 2164 665 2204; baseline 0 -8"><span class='ocrx_word' id='word_1_125' title='bbox 232 2164 402 2204; x_wconf 85' lang='lat' dir='ltr'>perdamus</span> <span class='ocrx_word' id='word_1_126' title='bbox 427 2164 544 2204; x_wconf 86' lang='lat' dir='ltr'>gaudia</span> <span class='ocrx_word' id='word_1_127' title='bbox 567 2165 665 2204; x_wconf 86' lang='lat' dir='ltr'>regni.</span> 
     </span>
     <span class='ocr_line' id='line_1_41' title="bbox 129 2221 647 2262; baseline -0.004 -7"><span class='ocrx_word' id='word_1_128' title='bbox 129 2222 161 2255; x_wconf 83' lang='lat'>3.</span> <span class='ocrx_word' id='word_1_129' title='bbox 187 2221 225 2253; x_wconf 91' lang='lat' dir='ltr'>In</span> <span class='ocrx_word' id='word_1_130' title='bbox 251 2221 346 2253; x_wconf 84' lang='lat' dir='ltr'>caelis</span> <span class='ocrx_word' id='word_1_131' title='bbox 370 2223 483 2261; x_wconf 84' lang='lat' dir='ltr'>regnat</span> <span class='ocrx_word' id='word_1_132' title='bbox 506 2221 647 2262; x_wconf 86' lang='lat' dir='ltr'>spiritus,</span> 
     </span>
     <span class='ocr_line' id='line_1_42' title="bbox 186 2268 648 2309; baseline 0 -9"><span class='ocrx_word' id='word_1_133' title='bbox 186 2269 323 2309; x_wconf 79' lang='lat' dir='ltr'>Quorum</span> <span class='ocrx_word' id='word_1_134' title='bbox 349 2268 427 2301; x_wconf 89' lang='lat' dir='ltr'>cinis</span> <span class='ocrx_word' id='word_1_135' title='bbox 451 2268 503 2300; x_wconf 87' lang='lat' dir='ltr'>hic</span> <span class='ocrx_word' id='word_1_136' title='bbox 526 2269 648 2308; x_wconf 87' lang='lat' dir='ltr'>positus</span> 
     </span>
     <span class='ocr_line' id='line_1_43' title="bbox 188 2315 657 2358; baseline 0 -9"><span class='ocrx_word' id='word_1_137' title='bbox 188 2316 343 2351; x_wconf 87' lang='lat' dir='ltr'>Contactu</span> <span class='ocrx_word' id='word_1_138' title='bbox 366 2315 455 2356; x_wconf 76' lang='lat' dir='ltr'>fugat</span> <span class='ocrx_word' id='word_1_139' title='bbox 480 2317 657 2358; x_wconf 88' lang='lat' dir='ltr'>daemones,</span> 
     </span>
     <span class='ocr_line' id='line_1_44' title="bbox 185 2363 637 2404; baseline 0 -9"><span class='ocrx_word' id='word_1_140' title='bbox 185 2363 341 2404; x_wconf 83' lang='lat' dir='ltr'>Aegrotos</span> <span class='ocrx_word' id='word_1_141' title='bbox 363 2367 453 2396; x_wconf 86' lang='lat' dir='ltr'>sanat</span> <span class='ocrx_word' id='word_1_142' title='bbox 477 2364 637 2404; x_wconf 72' lang='lat' dir='ltr'>homines,</span> 
     </span>
     <span class='ocr_line' id='line_1_45' title="bbox 171 2422 675 2452; baseline 0.006 -8"><span class='ocrx_word' id='word_1_143' title='bbox 171 2422 284 2445; x_wconf 77' lang='lat' dir='ltr'>Dreves</span> <span class='ocrx_word' id='word_1_144' title='bbox 295 2439 301 2450; x_wconf 87' lang='lat'>‚</span> <span class='ocrx_word' id='word_1_145' title='bbox 317 2422 439 2447; x_wconf 78' lang='lat' dir='ltr'>Historiae</span> <span class='ocrx_word' id='word_1_146' title='bbox 454 2424 607 2452; x_wconf 66' lang='lat' dir='ltr'>rhythmicae.</span> <span class='ocrx_word' id='word_1_147' title='bbox 623 2423 675 2447; x_wconf 84' lang='lat' dir='ltr'>vn.</span> 
     </span>
    </p>
   </div>
   <div class='ocr_carea' id='block_1_22' title="bbox 800 204 1357 238">
    <p class='ocr_par' dir='ltr' id='par_1_24' title="bbox 800 204 1357 238">
     <span class='ocr_line' id='line_1_46' title="bbox 800 204 1357 238; baseline 0 0"><span class='ocrx_word' id='word_1_148' title='bbox 800 205 840 238; x_wconf 81' lang='lat' dir='ltr'>V.</span> <span class='ocrx_word' id='word_1_149' title='bbox 872 204 1015 237; x_wconf 80' lang='lat' dir='ltr'>Christus</span> <span class='ocrx_word' id='word_1_150' title='bbox 1040 206 1219 236; x_wconf 85' lang='lat' dir='ltr'>sanctorum</span> <span class='ocrx_word' id='word_1_151' title='bbox 1244 207 1357 238; x_wconf 84' lang='lat' dir='ltr'>merita</span> 
     </span>
    </p>
   </div>
   <div class='ocr_carea' id='block_1_23' title="bbox 874 250 1276 286">
    <p class='ocr_par' dir='ltr' id='par_1_25' title="bbox 874 250 1276 286">
     <span class='ocr_line' id='line_1_47' title="bbox 874 250 1276 286; baseline 0.01 -4"><span class='ocrx_word' id='word_1_152' title='bbox 874 251 927 283; x_wconf 90' lang='lat' dir='ltr'>Sic</span> <span class='ocrx_word' id='word_1_153' title='bbox 950 250 1134 283; x_wconf 86' lang='lat' dir='ltr'>manifestat</span> <span class='ocrx_word' id='word_1_154' title='bbox 1157 251 1276 286; x_wconf 86' lang='lat' dir='ltr'>inclita.</span> 
     </span>
    </p>
   </div>
   <div class='ocr_carea' id='block_1_24' title="bbox 814 307 1201 348">
    <p class='ocr_par' dir='ltr' id='par_1_26' title="bbox 814 307 1201 348">
     <span class='ocr_line' id='line_1_48' title="bbox 814 307 1201 348; baseline -0.003 -8"><span class='ocrx_word' id='word_1_155' title='bbox 814 309 846 342; x_wconf 87' lang='lat'>4.</span> <span class='ocrx_word' id='word_1_156' title='bbox 869 308 925 348; x_wconf 88' lang='lat' dir='ltr'>Te,</span> <span class='ocrx_word' id='word_1_157' title='bbox 951 307 1037 339; x_wconf 87' lang='lat' dir='ltr'>Deus</span> <span class='ocrx_word' id='word_1_158' title='bbox 1064 309 1201 348; x_wconf 81' lang='lat' dir='ltr'>aeterne,</span> 
     </span>
    </p>
   </div>
   <div class='ocr_carea' id='block_1_25' title="bbox 868 355 1346 629">
    <p class='ocr_par' dir='ltr' id='par_1_27' title="bbox 870 355 1346 434">
     <span class='ocr_line' id='line_1_49' title="bbox 919 355 1346 398; baseline 0.002 -12"><span class='ocrx_word' id='word_1_159' title='bbox 919 355 1105 394; x_wconf 84' lang='lat' dir='ltr'>suppliciter</span> <span class='ocrx_word' id='word_1_160' title='bbox 1131 355 1346 398; x_wconf 87' lang='lat' dir='ltr'>deprecamur,</span> 
     </span>
     <span class='ocr_line' id='line_1_50' title="bbox 870 401 1045 434; baseline -0.011 0"><span class='ocrx_word' id='word_1_161' title='bbox 870 401 916 434; x_wconf 86' lang='lat' dir='ltr'>Ut</span> <span class='ocrx_word' id='word_1_162' title='bbox 939 410 1045 433; x_wconf 86' lang='lat' dir='ltr'>eorum</span> 
     </span>
    </p>

    <p class='ocr_par' dir='ltr' id='par_1_28' title="bbox 868 447 1337 574">
     <span class='ocr_line' id='line_1_51' title="bbox 916 447 1337 490; baseline 0.002 -10"><span class='ocrx_word' id='word_1_163' title='bbox 916 447 1101 487; x_wconf 84' lang='lat' dir='ltr'>patrociniis</span> <span class='ocrx_word' id='word_1_164' title='bbox 1125 451 1337 490; x_wconf 86' lang='lat' dir='ltr'>protegamur,</span> 
     </span>
     <span class='ocr_line' id='line_1_52' title="bbox 871 495 1241 536; baseline 0.005 -10"><span class='ocrx_word' id='word_1_165' title='bbox 871 495 1007 534; x_wconf 78' lang='lat' dir='ltr'>Quorum</span> <span class='ocrx_word' id='word_1_166' title='bbox 1031 495 1083 526; x_wconf 90' lang='lat' dir='ltr'>hic</span> <span class='ocrx_word' id='word_1_167' title='bbox 1108 503 1241 536; x_wconf 88' lang='lat' dir='ltr'>corpora</span> 
     </span>
     <span class='ocr_line' id='line_1_53' title="bbox 868 541 1119 574; baseline 0 -1"><span class='ocrx_word' id='word_1_168' title='bbox 868 541 1119 574; x_wconf 85' lang='lat' dir='ltr'>Resurrectionis</span> 
     </span>
    </p>

    <p class='ocr_par' dir='ltr' id='par_1_29' title="bbox 914 590 1326 629">
     <span class='ocr_line' id='line_1_54' title="bbox 914 590 1326 629; baseline 0.005 -9"><span class='ocrx_word' id='word_1_169' title='bbox 914 590 1149 628; x_wconf 88' lang='lat' dir='ltr'>praestolantur</span> <span class='ocrx_word' id='word_1_170' title='bbox 1172 592 1326 629; x_wconf 85' lang='lat' dir='ltr'>tempora.</span> 
     </span>
    </p>
   </div>
   <div class='ocr_carea' id='block_1_26' title="bbox 834 635 1138 676">
    <p class='ocr_par' dir='ltr' id='par_1_30' title="bbox 834 635 1138 676">
     <span class='ocr_line' id='line_1_55' title="bbox 834 635 1138 676; baseline -0.007 -7"><span class='ocrx_word' id='word_1_171' title='bbox 834 662 840 669; x_wconf 94' lang='lat'>.</span> <span class='ocrx_word' id='word_1_172' title='bbox 871 635 993 675; x_wconf 86' lang='lat' dir='ltr'>Corpus</span> <span class='ocrx_word' id='word_1_173' title='bbox 1016 644 1138 676; x_wconf 84' lang='lat' dir='ltr'>quoque</span> 
     </span>
    </p>
   </div>
   <div class='ocr_carea' id='block_1_27' title="bbox 871 682 1301 816">
    <p class='ocr_par' dir='ltr' id='par_1_31' title="bbox 871 682 1301 816">
     <span class='ocr_line' id='line_1_56' title="bbox 916 682 1252 715; baseline 0.003 -1"><span class='ocrx_word' id='word_1_174' title='bbox 916 686 1043 714; x_wconf 87' lang='lat' dir='ltr'>nostrae</span> <span class='ocrx_word' id='word_1_175' title='bbox 1067 682 1252 715; x_wconf 86' lang='lat' dir='ltr'>humilitatis</span> 
     </span>
     <span class='ocr_line' id='line_1_57' title="bbox 871 728 1301 770; baseline 0.002 -9"><span class='ocrx_word' id='word_1_176' title='bbox 871 728 948 761; x_wconf 93' lang='lat' dir='ltr'>Cum</span> <span class='ocrx_word' id='word_1_177' title='bbox 973 730 1017 761; x_wconf 88' lang='lat' dir='ltr'>eis</span> <span class='ocrx_word' id='word_1_178' title='bbox 1042 732 1117 761; x_wconf 89' lang='lat' dir='ltr'>tunc</span> <span class='ocrx_word' id='word_1_179' title='bbox 1141 729 1301 770; x_wconf 84' lang='lat' dir='ltr'>configura</span> 
     </span>
     <span class='ocr_line' id='line_1_58' title="bbox 918 776 1230 816; baseline 0.006 -9"><span class='ocrx_word' id='word_1_180' title='bbox 918 777 1043 816; x_wconf 89' lang='lat' dir='ltr'>corpori</span> <span class='ocrx_word' id='word_1_181' title='bbox 1067 776 1230 810; x_wconf 82' lang='lat' dir='ltr'>claritatis.</span> 
     </span>
    </p>
   </div>
   <div class='ocr_carea' id='block_1_28' title="bbox 928 914 1284 950">
    <p class='ocr_par' dir='ltr' id='par_1_32' title="bbox 928 914 1284 950">
     <span class='ocr_line' id='line_1_59' title="bbox 928 914 1284 950; baseline 0.008 -3"><span class='ocrx_word' id='word_1_182' title='bbox 928 916 972 947; x_wconf 90' lang='lat' dir='ltr'>In</span> <span class='ocrx_word' id='word_1_183' title='bbox 998 917 1029 949; x_wconf 86' lang='lat'>2.</span> <span class='ocrx_word' id='word_1_184' title='bbox 1056 914 1284 950; x_wconf 85' lang='lat' dir='ltr'>Nocturno.</span> 
     </span>
    </p>
   </div>
   <div class='ocr_carea' id='block_1_29' title="bbox 1012 997 1206 1033">
    <p class='ocr_par' dir='ltr' id='par_1_33' title="bbox 1012 997 1206 1033">
     <span class='ocr_line' id='line_1_60' title="bbox 1012 997 1206 1033; baseline 0 -8"><span class='ocrx_word' id='word_1_185' title='bbox 1012 997 1206 1033; x_wconf 81' lang='lat' dir='ltr'>Antiphonae.</span> 
     </span>
    </p>
   </div>
   <div class='ocr_carea' id='block_1_30' title="bbox 837 1055 1204 1088">
    <p class='ocr_par' dir='ltr' id='par_1_34' title="bbox 837 1055 1204 1088">
     <span class='ocr_line' id='line_1_61' title="bbox 837 1055 1204 1088; baseline -0.003 -1"><span class='ocrx_word' id='word_1_186' title='bbox 837 1079 844 1087; x_wconf 93' lang='lat'>.</span> <span class='ocrx_word' id='word_1_187' title='bbox 870 1055 987 1088; x_wconf 88' lang='lat' dir='ltr'>Rectos</span> <span class='ocrx_word' id='word_1_188' title='bbox 1013 1055 1204 1088; x_wconf 89' lang='lat' dir='ltr'>collaudatio</span> 
     </span>
    </p>
   </div>
   <div class='ocr_carea' id='block_1_31' title="bbox 869 1102 1293 1236">
    <p class='ocr_par' dir='ltr' id='par_1_35' title="bbox 869 1102 1293 1236">
     <span class='ocr_line' id='line_1_62' title="bbox 916 1102 1261 1143; baseline -0.003 -7"><span class='ocrx_word' id='word_1_189' title='bbox 916 1102 1077 1136; x_wconf 88' lang='lat' dir='ltr'>Condecet</span> <span class='ocrx_word' id='word_1_190' title='bbox 1099 1102 1133 1133; x_wconf 89' lang='lat' dir='ltr'>in</span> <span class='ocrx_word' id='word_1_191' title='bbox 1156 1103 1261 1143; x_wconf 85' lang='lat' dir='ltr'>caelis,</span> 
     </span>
     <span class='ocr_line' id='line_1_63' title="bbox 869 1148 1182 1188; baseline -0.003 -7"><span class='ocrx_word' id='word_1_192' title='bbox 869 1149 1006 1188; x_wconf 74' lang='lat' dir='ltr'>Quorum</span> <span class='ocrx_word' id='word_1_193' title='bbox 1029 1148 1182 1181; x_wconf 86' lang='lat' dir='ltr'>beneficio</span> 
     </span>
     <span class='ocr_line' id='line_1_64' title="bbox 917 1195 1293 1236; baseline 0.003 -8"><span class='ocrx_word' id='word_1_194' title='bbox 917 1195 1043 1228; x_wconf 79' lang='lat' dir='ltr'>Gaudet</span> <span class='ocrx_word' id='word_1_195' title='bbox 1064 1195 1155 1236; x_wconf 88' lang='lat' dir='ltr'>plebs</span> <span class='ocrx_word' id='word_1_196' title='bbox 1179 1195 1293 1230; x_wconf 78' lang='lat' dir='ltr'>fidelis,</span> 
     </span>
    </p>
   </div>
   <div class='ocr_carea' id='block_1_32' title="bbox 837 1252 1330 1286">
    <p class='ocr_par' dir='ltr' id='par_1_36' title="bbox 837 1252 1330 1286">
     <span class='ocr_line' id='line_1_65' title="bbox 837 1252 1330 1286; baseline -0.004 0"><span class='ocrx_word' id='word_1_197' title='bbox 837 1279 844 1286; x_wconf 93' lang='lat'>.</span> <span class='ocrx_word' id='word_1_198' title='bbox 869 1252 991 1284; x_wconf 89' lang='lat' dir='ltr'>Horum</span> <span class='ocrx_word' id='word_1_199' title='bbox 1014 1253 1167 1285; x_wconf 87' lang='lat' dir='ltr'>Dominus</span> <span class='ocrx_word' id='word_1_200' title='bbox 1192 1253 1330 1285; x_wconf 88' lang='lat' dir='ltr'>custodit</span> 
     </span>
    </p>
   </div>
   <div class='ocr_carea' id='block_1_33' title="bbox 869 1300 1343 1426">
    <p class='ocr_par' dir='ltr' id='par_1_37' title="bbox 869 1300 1343 1426">
     <span class='ocr_line' id='line_1_66' title="bbox 919 1300 1197 1339; baseline -0.007 -7"><span class='ocrx_word' id='word_1_201' title='bbox 919 1300 999 1332; x_wconf 87' lang='lat' dir='ltr'>Ossa</span> <span class='ocrx_word' id='word_1_202' title='bbox 1021 1300 1197 1339; x_wconf 86' lang='lat' dir='ltr'>beatorum,</span> 
     </span>
     <span class='ocr_line' id='line_1_67' title="bbox 869 1345 1343 1387; baseline 0 -9"><span class='ocrx_word' id='word_1_203' title='bbox 869 1346 920 1378; x_wconf 93' lang='lat' dir='ltr'>De</span> <span class='ocrx_word' id='word_1_204' title='bbox 945 1346 1056 1387; x_wconf 81' lang='lat' dir='ltr'>quibus</span> <span class='ocrx_word' id='word_1_205' title='bbox 1082 1345 1209 1378; x_wconf 85' lang='lat' dir='ltr'>effectus</span> <span class='ocrx_word' id='word_1_206' title='bbox 1233 1347 1343 1386; x_wconf 89' lang='lat' dir='ltr'>prodit</span> 
     </span>
     <span class='ocr_line' id='line_1_68' title="bbox 915 1393 1232 1426; baseline -0.003 -1"><span class='ocrx_word' id='word_1_207' title='bbox 915 1394 977 1425; x_wconf 87' lang='lat' dir='ltr'>Tot</span> <span class='ocrx_word' id='word_1_208' title='bbox 1000 1393 1232 1426; x_wconf 86' lang='lat' dir='ltr'>miraculorum.</span> 
     </span>
    </p>
   </div>
   <div class='ocr_carea' id='block_1_34' title="bbox 836 1449 1337 1482">
    <p class='ocr_par' dir='ltr' id='par_1_38' title="bbox 836 1449 1337 1482">
     <span class='ocr_line' id='line_1_69' title="bbox 836 1449 1337 1482; baseline 0.004 -2"><span class='ocrx_word' id='word_1_209' title='bbox 836 1473 842 1479; x_wconf 94' lang='lat'>.</span> <span class='ocrx_word' id='word_1_210' title='bbox 869 1449 923 1481; x_wconf 86' lang='lat' dir='ltr'>Ad</span> <span class='ocrx_word' id='word_1_211' title='bbox 947 1453 1073 1482; x_wconf 87' lang='lat' dir='ltr'>sanctos</span> <span class='ocrx_word' id='word_1_212' title='bbox 1097 1450 1154 1481; x_wconf 87' lang='lat' dir='ltr'>hos</span> <span class='ocrx_word' id='word_1_213' title='bbox 1179 1459 1198 1481; x_wconf 91' lang='lat' dir='ltr'>a</span> <span class='ocrx_word' id='word_1_214' title='bbox 1222 1449 1337 1482; x_wconf 87' lang='lat' dir='ltr'>finibus</span> 
     </span>
    </p>
   </div>
   <div class='ocr_carea' id='block_1_35' title="bbox 865 1496 1320 1625">
    <p class='ocr_par' dir='ltr' id='par_1_39' title="bbox 865 1496 1320 1625">
     <span class='ocr_line' id='line_1_70' title="bbox 913 1496 1307 1537; baseline 0.003 -9"><span class='ocrx_word' id='word_1_215' title='bbox 913 1496 1032 1528; x_wconf 88' lang='lat' dir='ltr'>Terrae</span> <span class='ocrx_word' id='word_1_216' title='bbox 1055 1497 1119 1528; x_wconf 89' lang='lat' dir='ltr'>iam</span> <span class='ocrx_word' id='word_1_217' title='bbox 1144 1497 1307 1537; x_wconf 89' lang='lat' dir='ltr'>clamatur,</span> 
     </span>
     <span class='ocr_line' id='line_1_71' title="bbox 865 1541 1320 1582; baseline 0.002 -8"><span class='ocrx_word' id='word_1_218' title='bbox 865 1543 952 1582; x_wconf 73' lang='lat' dir='ltr'>Quos</span> <span class='ocrx_word' id='word_1_219' title='bbox 976 1543 1041 1575; x_wconf 84' lang='lat' dir='ltr'>suis</span> <span class='ocrx_word' id='word_1_220' title='bbox 1064 1541 1175 1575; x_wconf 75' lang='lat' dir='ltr'>fovens</span> <span class='ocrx_word' id='word_1_221' title='bbox 1198 1543 1320 1575; x_wconf 86' lang='lat' dir='ltr'>sinibus</span> 
     </span>
     <span class='ocr_line' id='line_1_72' title="bbox 913 1590 1273 1625; baseline 0.006 -3"><span class='ocrx_word' id='word_1_222' title='bbox 913 1590 1017 1622; x_wconf 87' lang='lat' dir='ltr'>Locus</span> <span class='ocrx_word' id='word_1_223' title='bbox 1043 1590 1095 1622; x_wconf 90' lang='lat' dir='ltr'>hic</span> <span class='ocrx_word' id='word_1_224' title='bbox 1119 1594 1273 1625; x_wconf 86' lang='lat' dir='ltr'>sacratur.</span> 
     </span>
    </p>
   </div>
   <div class='ocr_carea' id='block_1_36' title="bbox 832 1646 1331 1680">
    <p class='ocr_par' dir='ltr' id='par_1_40' title="bbox 832 1646 1331 1680">
     <span class='ocr_line' id='line_1_73' title="bbox 832 1646 1331 1680; baseline 0 -1"><span class='ocrx_word' id='word_1_225' title='bbox 832 1671 839 1679; x_wconf 95' lang='lat'>.</span> <span class='ocrx_word' id='word_1_226' title='bbox 866 1646 933 1678; x_wconf 88' lang='lat' dir='ltr'>Hos</span> <span class='ocrx_word' id='word_1_227' title='bbox 957 1647 990 1678; x_wconf 93' lang='lat' dir='ltr'>in</span> <span class='ocrx_word' id='word_1_228' title='bbox 1015 1646 1106 1679; x_wconf 89' lang='lat' dir='ltr'>bonis</span> <span class='ocrx_word' id='word_1_229' title='bbox 1133 1646 1243 1678; x_wconf 89' lang='lat' dir='ltr'>domus</span> <span class='ocrx_word' id='word_1_230' title='bbox 1269 1647 1331 1680; x_wconf 91' lang='lat' dir='ltr'>Dei</span> 
     </span>
    </p>
   </div>
   <div class='ocr_carea' id='block_1_37' title="bbox 867 1693 1354 1828">
    <p class='ocr_par' dir='ltr' id='par_1_41' title="bbox 867 1693 1354 1828">
     <span class='ocr_line' id='line_1_74' title="bbox 914 1693 1341 1735; baseline 0 -9"><span class='ocrx_word' id='word_1_231' title='bbox 914 1693 983 1726; x_wconf 91' lang='lat' dir='ltr'>Iam</span> <span class='ocrx_word' id='word_1_232' title='bbox 1008 1693 1147 1734; x_wconf 90' lang='lat' dir='ltr'>repletos</span> <span class='ocrx_word' id='word_1_233' title='bbox 1174 1694 1341 1735; x_wconf 88' lang='lat' dir='ltr'>credimus,</span> 
     </span>
     <span class='ocr_line' id='line_1_75' title="bbox 867 1741 1354 1782; baseline 0.002 -10"><span class='ocrx_word' id='word_1_234' title='bbox 867 1741 921 1774; x_wconf 89' lang='lat' dir='ltr'>Ad</span> <span class='ocrx_word' id='word_1_235' title='bbox 945 1749 980 1773; x_wconf 89' lang='lat' dir='ltr'>os</span> <span class='ocrx_word' id='word_1_236' title='bbox 1006 1750 1138 1781; x_wconf 88' lang='lat' dir='ltr'>quorum</span> <span class='ocrx_word' id='word_1_237' title='bbox 1164 1741 1261 1773; x_wconf 91' lang='lat' dir='ltr'>ductu</span> <span class='ocrx_word' id='word_1_238' title='bbox 1285 1742 1354 1782; x_wconf 90' lang='lat' dir='ltr'>spei</span> 
     </span>
     <span class='ocr_line' id='line_1_76' title="bbox 916 1788 1295 1828; baseline 0.005 -8"><span class='ocrx_word' id='word_1_239' title='bbox 916 1788 1082 1828; x_wconf 87' lang='lat' dir='ltr'>Supplices</span> <span class='ocrx_word' id='word_1_240' title='bbox 1106 1788 1295 1822; x_wconf 88' lang='lat' dir='ltr'>accedimus.</span> 
     </span>
    </p>
   </div>
   <div class='ocr_carea' id='block_1_38' title="bbox 831 1844 1198 1877">
    <p class='ocr_par' dir='ltr' id='par_1_42' title="bbox 831 1844 1198 1877">
     <span class='ocr_line' id='line_1_77' title="bbox 831 1844 1198 1877; baseline -0.003 0"><span class='ocrx_word' id='word_1_241' title='bbox 831 1870 838 1877; x_wconf 96' lang='lat'>.</span> <span class='ocrx_word' id='word_1_242' title='bbox 867 1844 1053 1877; x_wconf 87' lang='lat' dir='ltr'>Sanctorum</span> <span class='ocrx_word' id='word_1_243' title='bbox 1077 1845 1198 1877; x_wconf 87' lang='lat' dir='ltr'>animas</span> 
     </span>
    </p>
   </div>
   <div class='ocr_carea' id='block_1_39' title="bbox 865 1892 1401 2027">
    <p class='ocr_par' dir='ltr' id='par_1_43' title="bbox 865 1892 1401 2027">
     <span class='ocr_line' id='line_1_78' title="bbox 913 1892 1388 1931; baseline 0 -7"><span class='ocrx_word' id='word_1_244' title='bbox 913 1892 1067 1925; x_wconf 84' lang='lat' dir='ltr'>Dominus</span> <span class='ocrx_word' id='word_1_245' title='bbox 1093 1892 1240 1931; x_wconf 90' lang='lat' dir='ltr'>custodit,</span> <span class='ocrx_word' id='word_1_246' title='bbox 1267 1895 1300 1924; x_wconf 86' lang='lat' dir='ltr'>at</span> <span class='ocrx_word' id='word_1_247' title='bbox 1323 1893 1388 1924; x_wconf 89' lang='lat' dir='ltr'>illis</span> 
     </span>
     <span class='ocr_line' id='line_1_79' title="bbox 865 1939 1237 1971; baseline 0 0"><span class='ocrx_word' id='word_1_248' title='bbox 865 1939 931 1971; x_wconf 87' lang='lat' dir='ltr'>Dat</span> <span class='ocrx_word' id='word_1_249' title='bbox 954 1948 1044 1971; x_wconf 88' lang='lat' dir='ltr'>sacer</span> <span class='ocrx_word' id='word_1_250' title='bbox 1067 1939 1128 1971; x_wconf 88' lang='lat' dir='ltr'>iste</span> <span class='ocrx_word' id='word_1_251' title='bbox 1151 1940 1237 1971; x_wconf 91' lang='lat' dir='ltr'>sinus</span> 
     </span>
     <span class='ocr_line' id='line_1_80' title="bbox 912 1985 1401 2027; baseline 0 -9"><span class='ocrx_word' id='word_1_252' title='bbox 912 1987 1050 2019; x_wconf 87' lang='lat' dir='ltr'>tumulus</span> <span class='ocrx_word' id='word_1_253' title='bbox 1074 1986 1248 2027; x_wconf 85' lang='lat' dir='ltr'>horumque</span> <span class='ocrx_word' id='word_1_254' title='bbox 1273 1985 1401 2019; x_wconf 83' lang='lat' dir='ltr'>favillis.</span> 
     </span>
    </p>
   </div>
   <div class='ocr_carea' id='block_1_40' title="bbox 807 2042 1349 2083">
    <p class='ocr_par' dir='ltr' id='par_1_44' title="bbox 807 2042 1349 2083">
     <span class='ocr_line' id='line_1_81' title="bbox 807 2042 1349 2083; baseline 0 -8"><span class='ocrx_word' id='word_1_255' title='bbox 807 2044 837 2076; x_wconf 92' lang='lat'>6.</span> <span class='ocrx_word' id='word_1_256' title='bbox 862 2043 924 2083; x_wconf 91' lang='lat' dir='ltr'>En,</span> <span class='ocrx_word' id='word_1_257' title='bbox 950 2044 1107 2083; x_wconf 89' lang='lat' dir='ltr'>repletum</span> <span class='ocrx_word' id='word_1_258' title='bbox 1131 2044 1180 2073; x_wconf 91' lang='lat' dir='ltr'>est</span> <span class='ocrx_word' id='word_1_259' title='bbox 1201 2042 1234 2074; x_wconf 93' lang='lat' dir='ltr'>in</span> <span class='ocrx_word' id='word_1_260' title='bbox 1258 2043 1349 2075; x_wconf 86' lang='lat' dir='ltr'>bonis</span> 
     </span>
    </p>
   </div>
   <div class='ocr_carea' id='block_1_41' title="bbox 866 2089 1345 2218">
    <p class='ocr_par' dir='ltr' id='par_1_45' title="bbox 866 2089 1345 2218">
     <span class='ocr_line' id='line_1_82' title="bbox 911 2089 1263 2129; baseline -0.003 -7"><span class='ocrx_word' id='word_1_261' title='bbox 911 2090 1034 2122; x_wconf 90' lang='lat' dir='ltr'>Horum</span> <span class='ocrx_word' id='word_1_262' title='bbox 1059 2089 1263 2129; x_wconf 84' lang='lat' dir='ltr'>desiderium,</span> 
     </span>
     <span class='ocr_line' id='line_1_83' title="bbox 866 2136 1345 2176; baseline 0.002 -7"><span class='ocrx_word' id='word_1_263' title='bbox 866 2137 949 2176; x_wconf 78' lang='lat' dir='ltr'>Quos</span> <span class='ocrx_word' id='word_1_264' title='bbox 973 2136 1095 2170; x_wconf 83' lang='lat' dir='ltr'>invexit</span> <span class='ocrx_word' id='word_1_265' title='bbox 1119 2136 1198 2167; x_wconf 88' lang='lat' dir='ltr'>caeli</span> <span class='ocrx_word' id='word_1_266' title='bbox 1222 2136 1345 2170; x_wconf 85' lang='lat' dir='ltr'>thronis</span> 
     </span>
     <span class='ocr_line' id='line_1_84' title="bbox 911 2182 1274 2218; baseline -0.003 -3"><span class='ocrx_word' id='word_1_267' title='bbox 911 2184 1030 2217; x_wconf 90' lang='lat' dir='ltr'>Christi</span> <span class='ocrx_word' id='word_1_268' title='bbox 1054 2182 1274 2218; x_wconf 81' lang='lat' dir='ltr'>ministerium.</span> 
     </span>
    </p>
   </div>
   <div class='ocr_carea' id='block_1_42' title="bbox 996 2259 1202 2295">
    <p class='ocr_par' dir='ltr' id='par_1_46' title="bbox 996 2259 1202 2295">
     <span class='ocr_line' id='line_1_85' title="bbox 996 2259 1202 2295; baseline -0.01 -8"><span class='ocrx_word' id='word_1_269' title='bbox 996 2259 1202 2295; x_wconf 84' lang='lat' dir='ltr'>Responsoria.</span> 
     </span>
    </p>
   </div>
   <div class='ocr_carea' id='block_1_43' title="bbox 808 2316 1129 2358">
    <p class='ocr_par' dir='ltr' id='par_1_47' title="bbox 808 2316 1129 2358">
     <span class='ocr_line' id='line_1_86' title="bbox 808 2316 1129 2358; baseline -0.006 -8"><span class='ocrx_word' id='word_1_270' title='bbox 808 2316 837 2350; x_wconf 88' lang='grc'>1.</span> <span class='ocrx_word' id='word_1_271' title='bbox 863 2317 996 2349; x_wconf 86' lang='lat' dir='ltr'>Aeterni</span> <span class='ocrx_word' id='word_1_272' title='bbox 1020 2316 1129 2358; x_wconf 83' lang='lat' dir='ltr'>gaudii</span> 
     </span>
    </p>
   </div>
   <div class='ocr_carea' id='block_1_44' title="bbox 860 2365 1338 2449">
    <p class='ocr_par' dir='ltr' id='par_1_48' title="bbox 860 2365 1338 2449">
     <span class='ocr_line' id='line_1_87' title="bbox 860 2365 1338 2410; baseline 0 -12"><span class='ocrx_word' id='word_1_273' title='bbox 860 2365 928 2398; x_wconf 89' lang='lat' dir='ltr'>Fac</span> <span class='ocrx_word' id='word_1_274' title='bbox 952 2374 1019 2406; x_wconf 90' lang='lat' dir='ltr'>nos,</span> <span class='ocrx_word' id='word_1_275' title='bbox 1045 2366 1127 2405; x_wconf 87' lang='lat' dir='ltr'>Iesu,</span> <span class='ocrx_word' id='word_1_276' title='bbox 1153 2365 1338 2410; x_wconf 85' lang='lat' dir='ltr'>participes,</span> 
     </span>
     <span class='ocr_line' id='line_1_88' title="bbox 1228 2419 1246 2449; baseline 0 0"><span class='ocrx_word' id='word_1_277' title='bbox 1228 2419 1246 2449; x_wconf 90' lang='lat'>8</span> 
     </span>
    </p>
   </div>
  </div>
 </body>
</html>
