1655 2534
717 111 971 147 —270—

276 215 483 248 Felicissima
507 210 701 250 Luthomisl,
726 208 823 241 mira.-

596 258 705 291 culose

275 308 433 349 Requiem
458 307 513 338 ubi
537 305 654 345 elegit3

950 206 974 238 Ο
1000 204 1141 244 benigne
1168 206 1203 235 tu
1227 204 1380 242 patrone,

950 253 1015 285 Ora
1037 260 1097 292 pro
1123 251 1218 283 nobis
1243 249 1360 281 Deum.

281 374 365 401 BreV.
386 381 438 399 ms.
457 371 600 406 Plagense
621 377 695 396 saec.
716 366 759 395 15.
793 365 861 393 cod.
881 364 1001 399 Plagen.
1021 371 1043 390 s.
1063 371 1091 390 n.
1113 375 1149 382 —
1167 362 1208 389 In
1227 359 1253 389 1.
1269 361 1374 395 Vesp.
1396 356 1418 385 Α
1438 356 1466 393 3,
1480 357 1498 385 ὃ

211 411 299 438 vitta.
321 424 356 429 -
375 407 399 437 Α
418 407 445 442 4,
466 406 484 434 2
502 409 610 435 Rerum
631 413 704 433 vasa
721 404 802 439 petit.
823 417 858 422 -—-
877 403 923 429 Ad
940 402 1030 438 Magn

211 448 247 476 ad
267 449 431 475 Dominum.
478 462 496 465 —
522 444 566 472 In
591 443 615 471 1.
634 444 733 470 Noet.
754 438 775 467 Β
796 439 822 474 2,
842 438 862 466 4
882 440 988 467 Manus
1010 447 1106 465 manu.
1134 451 1170 456 —-
1194 437 1235 464 In
1259 436 1370 464 Laud.
1390 432 1413 460 Α
1432 432 1459 464 3,
1480 431 1499 459 2

208 486 396 512 Victorinum.
423 498 460 503 —
487 482 505 507 Α
532 480 559 514 5,
582 480 599 509 6
623 481 691 507 Lies
713 478 854 507 Coelestis
879 476 1086 505 monarchiae?
1109 489 1147 493 —
1172 474 1268 502 Hiezu
1294 474 1344 500 der
1363 473 1498 507 Hymnus

209 523 292 550 Anal.
311 522 363 555 IV,
383 521 434 548 Nr.
453 517 517 547 480.
557 519 593 546 In
613 516 777 545 demselben
794 517 835 543 ist
853 514 879 547 7,
901 513 916 541 1
937 523 974 541 zu
993 513 1074 541 lesen
1090 512 1195 540 Osesar
1213 512 1320 539 Nerva.

1032 421 1038 427 .
1059 399 1091 431 A,
1112 398 1130 427 3
1149 407 1298 435 generosa.
1320 413 1359 417 —
1383 396 1459 425 Ibid.
1479 393 1498 422 8

613 608 658 639 98.
689 607 732 639 De
753 607 863 638 saneta
889 605 1090 644 wereburga.

338 681 384 712 In
411 680 441 712 1.
466 678 688 718 Vesperis.

395 753 440 780 Ad
458 751 634 788 Magnificat-

210 814 251 844 A.
276 811 379 851 Virgo
403 811 503 842 beata
524 809 598 849 Dei,

327 859 416 889 euius
441 865 535 888 sacra
557 855 643 888 festa
667 855 733 887 diei

279 905 386 937 Corde
411 903 625 941 celebramus,

328 959 405 991 rege
438 958 497 982 nos
522 958 636 989 prece,
663 957 704 980 ne
728 956 822 987 pere-

601 1005 702 1035 amus,

281 1044 364 1075 Esto
389 1043 456 1074 tuis
479 1043 564 1081 viva,

324 1089 540 1128 Wereburga,
566 1088 650 1119 salus
677 1089 710 1118 et
727 1088 822 1118 oliva.

345 1182 404 1213 Ad
425 1182 694 1213 Matutinum.

413 1254 624 1281 Invitatorium.

283 1312 337 1343 Ad
360 1311 483 1344 fontem
507 1312 604 1350 vitae,

330 1358 478 1389 sitientia
502 1358 612 1397 eorda,
637 1360 756 1396 vemte,

285 1405 345 1437 Cui
369 1405 512 1437 moriens
536 1404 626 1443 vivit,

330 1460 427 1482 saera
460 1461 552 1492 quem
576 1450 783 1489 wereburga

603 1497 717 1529 sitivit.

354 1590 415 1622 Ad
438 1591 694 1621 Nocturnos.

403 1663 470 1689 Ant.
489 1671 542 1690 seu
559 1663 646 1697 Resp.

255 1746 262 1753 .
289 1722 391 1761 Regis
417 1722 489 1752 erat
512 1720 627 1760 patris,

331 1769 465 1808 reginae
489 1766 559 1798 filia
581 1768 707 1807 matris,

288 1814 378 1846 Filia.
402 1814 591 1853 Sexburgae

334 1862 468 1893 sanetae
480 1863 585 1892 mater
597 1860 832 1900 wereburgae.

254 1942 262 1949 .
287 1917 393 1949 Huius
419 1917 508 1957 origo
531 1925 627 1948 rosae

334 1973 429 2004 quam
455 1963 604 1995 floruerit
629 1971 798 2003 generose,

288 2010 465 2043 Ethelrida
488 2018 611 2049 parens

333 2059 478 2089 testatur
502 2057 539 2088 in
563 2057 679 2088 ordine
696 2056 835 2097 clarens,

286 2105 350 2137 Est
371 2104 422 2136 eui
446 2103 618 2143 Sexburga

335 2160 429 2183 soror
450 2154 483 2182 et
500 2151 607 2191 neptis
620 2149 836 2190 Wereburga.

233 2209 265 2240 3.
291 2207 396 2239 Linea
417 2207 540 2247 regalis

340 2253 470 2285 Christo
497 2253 767 2293 sanctimoniam,

292 2301 352 2333 Cui
378 2301 531 2339 copulata
553 2299 650 2332 datur

333 2347 425 2388 virgo
451 2347 656 2389 Wereburga
681 2357 719 2381 sa
732 2350 818 2388 eata,

947 675 1055 706 Intrat
1077 673 1269 714 Eligensem

997 724 1127 753 coetum
1152 719 1287 751 vitando
1311 717 1486 750 forensem.

892 789 923 819 4.
951 787 1031 819 Post
1059 786 1182 819 obitum
1207 785 1295 824 regis

997 832 1105 865 Ulferi
1131 832 1271 872 subiuga
1294 832 1377 871 legis

950 880 1098 912 Subdere
1125 880 1286 911 cervicem

996 927 1119 967 gaudet
1141 926 1234 964 virgo
1261 925 1469 965 genetricem,

951 974 1085 1013 Iamque
1108 972 1181 1004 Deo
1206 973 1295 1012 patri

996 1019 1035 1052 fit
1058 1019 1194 1059 praevia
1216 1018 1286 1050 filia
1308 1017 1417 1049 matri.

894 1087 923 1118 5.
950 1085 1023 1117 Rex
1047 1083 1262 1122 Ethelredus‚

995 1131 1103 1163 iniens
1127 1139 1188 1170 per
1209 1131 1344 1161 saecula
1365 1129 1483 1161 foedus

956 1178 1034 1210 Cum
1058 1177 1199 1210 Domino
1228 1177 1321 1217 caeli,

999 1224 1175 1257 monachus
1201 1222 1238 1255 fit
1263 1226 1372 1255 mente
1396 1222 1499 1257 fideli.

952 1272 1148 1311 Exemplum
1171 1273 1290 1309 patruo

1001 1318 1057 1350 dat
1080 1317 1288 1356 Wereburga
1312 1326 1380 1349 suo.

896 1381 926 1412 6.
955 1378 1127 1411 Clauditur
1152 1387 1305 1409 aucarum

1002 1434 1123 1458 cuneus
1138 1426 1246 1465 gregis
1256 1425 1503 1458 indomitarum,

955 1472 1101 1511 Virginis
1127 1471 1223 1503 huius
1248 1480 1346 1511 agros

1001 1519 1229 1558 depopulantis
1256 1520 1290 1549 et
1313 1521 1402 1558 arva,

955 1566 1043 1604 Quae
1068 1565 1197 1596 veniam
1221 1566 1366 1604 rogitant

1002 1621 1064 1644 nee
1082 1614 1173 1643 tecta
1190 1611 1372 1644 domestica
1388 1612 1503 1643 vitant.

900 1674 917 1704 7
924 1697 931 1704 .
958 1673 1099 1712 Agmina
1124 1673 1255 1713 captiva

1005 1721 1098 1751 laxat
1122 1720 1256 1758 pietatis
1283 1721 1380 1759 oliva,

958 1765 1002 1797 Et
1027 1766 1204 1798 miseretur
1229 1766 1277 1798 eis

1005 1813 1094 1852 virgo
1120 1814 1328 1853 Wereburga
1351 1814 1494 1846 choreis.

903 1869 933 1902 8.
962 1868 1106 1908 Cumque
1130 1870 1349 1902 recessissent

1008 1916 1160 1947 volueres
1209 1925 1270 1948 nee
1316 1926 1411 1949 avem
1459 1926 1512 1950 re—

1284 1964 1445 2004 perirent,

964 2009 1065 2047 Quam
1088 2018 1172 2050 puer
1189 2010 1342 2050 occuluit,

1011 2065 1162 2096 quaeque
1184 2060 1334 2090 retracta
1355 2057 1439 2097 suin

965 2102 1181 2145 Conveniunt,
1206 2107 1375 2145 resonant,

1011 2158 1072 2190 per
1084 2151 1187 2182 verba
1199 2160 1368 2183 murmura
1381 2152 1516 2193 donant,

963 2196 1022 2228 Fit
1046 2198 1181 2236 querela
1205 2199 1327 2239 gravis,

1012 2252 1054 2275 ne
1079 2247 1252 2276 revoeetur
1277 2246 1359 2278 avis.

908 2299 940 2332 9.
965 2300 1019 2332 Ad
1046 2302 1181 2340 questus
1205 2302 1290 2333 tales

1016 2347 1213 2381 abscondita
1236 2348 1389 2383 redditur
1414 2352 1498 2394 ales,
