1655 2534
745 165 1001 200 -296—

303 262 348 292 89.
378 263 525 291 Florini
547 261 590 290 17.
611 263 684 290 NoV.
704 259 767 297 [fol.
787 259 842 288 212
853 257 893 296 b].
933 259 993 287 Ein
1014 256 1034 284 R
1054 258 1257 286 unbekannter
1277 256 1439 285 Herkunffl:

411 320 444 347 R.
466 317 491 347 Ο
512 321 559 355 pie
578 319 703 351 Florine,
723 317 776 344 flos
798 316 914 348 caeliae,
935 316 982 342 cui
1003 317 1065 342 sine
1084 314 1142 342 fine

465 358 522 384 Pro
543 357 653 384 meritis
673 363 774 391 perpes
794 355 897 381 vernat
916 361 1003 388 super
1023 353 1142 380 aethera
1160 360 1277 385 mereeS,

466 395 558 423 Nobis
578 394 745 421 clementem
765 392 898 427 precibus
918 391 965 418 fac
985 391 1237 426 cunctipotentem,

412 433 446 459 V.
467 432 509 460 Ut
528 432 585 459 sibi
604 439 656 458 nos
677 438 745 458 vere
763 429 812 457 det
830 437 908 456 nunc
927 436 1096 464 semperque
1115 428 1238 463 placere.

303 496 348 525 90.
382 498 576 525 Francisci
597 496 775 529 confessoris,
796 493 823 522 4.
838 494 899 522 Oct.
922 491 982 529 [fol.
1006 490 1104 529 1023].
1139 493 1234 526 Iuvit,
1258 490 1300 518 ΑΑ
1317 492 1354 519 acl
1368 492 1466 527 Magn.
1482 491 1514 518 A.

230 537 258 562 et
277 533 304 562 2.
323 536 409 571 Vesp.
432 543 483 562 aus
503 534 567 561 dem
591 533 723 562 Officium
742 532 825 560 Anal.
846 532 880 567 V,
902 532 953 559 Nr.
974 529 1018 558 61.

303 599 347 628 91.
380 601 554 628 Fusciani
585 602 614 627 et
639 600 782 626 sociorum
804 600 976 632 martyrum,
1005 595 1048 624 ll.
1075 598 1145 624 Dec.
1171 594 1232 632 [fol.
1262 593 1360 630 1183].
1408 595 1448 621 ΑΑ
1478 595 1515 622 ad

229 638 318 673 Magn
346 640 377 665 in
398 636 422 665 1.
444 640 479 665 et.
501 635 525 663 2.
548 638 632 672 Vesp.
653 645 704 664 aus
727 636 791 664 dem
811 635 944 663 Officium
962 635 1046 661 Anal.
1066 634 1148 667 xm,
1169 634 1218 661 Nr.
1239 631 1284 661 56.

325 674 361 703 2ο
382 672 441 710 [fol.
463 672 516 702 2537
525 671 564 710 b].
605 674 762 701 Dieselben
783 673 822 699 ΑΑ
843 672 1000 700 nochmals.

303 740 346 769 92.
381 741 589 777 Gangolphi
621 741 770 775 martyris⁷
802 737 844 766 13.
871 740 943 766 Maii
965 736 1000 765 1⁰
1018 735 1078 773 [fol.
1100 735 1181 773 64a].
1223 737 1282 764 Aus
1311 737 1404 764 einem
1425 736 1517 764 leider

227 779 431 806 unbekannten
453 777 598 806 Officium:

388 836 452 863 Inv.
473 834 518 861 Ad
537 833 652 861 laudem
672 833 792 860 Domini
813 832 917 868 vigiles
938 831 1089 859 iubilantlo
1110 832 1217 864 venite,

474 872 594 898 Munere
613 872 695 898 euius
715 870 804 898 habet
822 869 1012 904 Gangulphus
1031 869 1140 904 gaudia
1157 870 1245 896 vitae.

416 928 449 955 R.
475 928 498 955 O
518 928 604 954 decus
625 926 771 960 ecclesiae,
792 927 901 960 martyr
920 926 976 960 pie,
998 927 1096 952 sancte
1117 927 1246 960 patrone,

474 966 516 992 Te
538 964 736 991 collaudantes
762 963 838 996 audi,
859 963 1039 998 Gangulphe,
1061 963 1189 989 clientes.

416 1003 449 1029 V.
473 1003 543 1029 Post
561 1001 646 1028 finem
668 1002 763 1028 carnis
783 1001 867 1028 nobis
887 1000 930 1027 fer
951 1000 1058 1035 gaudia
1078 1000 1161 1026 lueis.

420 1059 454 1085 A.
473 1056 579 1093 Fulget
598 1056 660 1083 sole
680 1057 752 1089 Deo,
773 1057 855 1082 cuius
874 1056 983 1082 virtute
1002 1057 1120 1090 tropaeo

475 1095 530 1122 Est
548 1094 721 1121 sublimatus
742 1095 770 1120 et
788 1093 907 1120 luminis
931 1101 997 1119 arce
1016 1093 1136 1127 locatus,

478 1133 534 1166 Qui
553 1139 638 1166 prece
654 1132 817 1158 nostrorum
838 1130 983 1165 propellat
1002 1131 1096 1157 taetra
1116 1130 1268 1157 malorum.

231 1188 265 1215 2²
287 1186 348 1224 [fol.
368 1187 404 1216 89
413 1185 442 1223 a]
461 1188 536 1214 noch
556 1188 619 1214 eine
637 1188 754 1213 weitere
775 1186 792 1211 Α
813 1187 845 1212 in
865 1186 999 1213 auderem
1021 1185 1182 1213 Versmass:

414 1245 447 1272 A.
473 1244 496 1271 O
517 1243 689 1278 Gangulphe
708 1244 764 1278 pie,
785 1243 868 1275 bone,
892 1241 993 1269 Cordis
1014 1243 1107 1269 nostri
1127 1242 1248 1269 cellulas

475 1280 572 1316 Purga
590 1281 693 1307 iuvans
713 1281 744 1306 in
765 1288 857 1315 agone
876 1280 954 1307 Tuos
974 1288 1059 1314 prece
1078 1277 1214 1307 vernulas

472 1318 666 1353 Trinitatique
686 1326 833 1352 compone,
853 1317 968 1344 Laudes
990 1319 1022 1344 ut
1040 1317 1109 1344 dent
1128 1317 1253 1344 sedulas.

305 1382 349 1412 93.
380 1383 545 1416 Gratiani,
566 1384 696 1418 episcopi
713 1384 900 1416 Turonensis,
923 1381 965 1410 16.
985 1384 1055 1411 Dec.
1077 1380 1138 1419 [fol.
1159 1380 1260 1419 238a].
1300 1384 1377 1410 Zwei
1399 1383 1448 1417 ΛΑ,
1469 1384 1517 1411 die

232 1421 307 1449 wohl
327 1422 428 1449 keiner
447 1421 582 1448 Historia
601 1420 731 1447 entlehnt
749 1420 823 1447 sind.

358 1478 391 1505 A.
413 1477 554 1512 Copiosae
573 1477 702 1503 caritatis
724 1476 847 1503 Gatiane
866 1477 1002 1510 pontifex,

409 1515 453 1542 Tu
473 1515 524 1550 qui
543 1522 637 1541 rerum
656 1513 832 1548 perditarum
852 1514 960 1548 gaudes
981 1514 1145 1549 privilegio,

410 1552 502 1579 Nobis
522 1551 616 1583 redde,
638 1551 841 1586 supplicamus,
864 1551 940 1578 bona
959 1559 1034 1587 quae
1052 1552 1240 1586 perdidimus,

410 1589 452 1617 Ut
472 1590 571 1616 exutos
590 1589 674 1623 gravi
694 1596 779 1615 carne
798 1589 901 1624 iungas
922 1589 996 1615 caeli
1015 1589 1137 1616 civibus.

360 1646 393 1672 A.
415 1644 484 1679 Ave,
505 1644 590 1670 decus
609 1644 785 1676 Turonense,
806 1643 938 1677 Gratiana,
959 1645 1077 1679 praesul
1095 1646 1152 1680 pie,

410 1681 531 1717 Signum
549 1680 693 1716 lampadis
714 1689 852 1709 accensae
870 1681 1036 1717 Peregrinis
1055 1682 1142 1710 huius
1161 1685 1236 1718 viae,

412 1719 537 1746 Consors
558 1719 632 1745 lucis
653 1720 682 1745 et
700 1719 859 1745 immensae
878 1719 1011 1754 Iungeris
1030 1720 1220 1755 hierarchiae,

410 1756 458 1783 Da
476 1764 527 1791 pro
548 1756 632 1783 nobis
652 1756 710 1782 iam
731 1764 874 1791 propense
893 1756 1008 1785 Christo
1027 1766 1127 1793 preces
1149 1761 1178 1786 et
1195 1759 1316 1787 Mariae.

303 1821 349 1850 94.
380 1821 591 1850 Genovefae
609 1821 741 1856 virginis,
762 1819 788 1849 3.
808 1821 874 1849 Jan.
895 1819 955 1858 [fol.
973 1820 1072 1857 1243].
1105 1824 1210 1852 Ausser
1229 1826 1309 1853 einer
1327 1827 1518 1862 prosaischen

228 1860 275 1887 die
296 1860 313 1886 Α
334 1860 370 1887 3ᾶ
388 1860 487 1894 Magn.
508 1859 556 1886 des
578 1857 723 1886 Officiums
743 1859 826 1886 Anal.
847 1860 956 1894 XVIII,
976 1861 1026 1888 Nr.
1047 1859 1092 1889 26.

302 1924 346 1970 525.
377 1924 545 1969 Gerardi‚
567 1925 682 1952 abbatis
701 1925 878 1961 Broniensis,
898 1924 924 1954 3.
938 1927 1001 1955 Oct.
1022 1925 1083 1963 [fol.
1101 1926 1205 1965 2221)].
1232 1930 1380 1966 Folgende
1392 1932 1517 1960 zweifel-

228 1963 271 1990 los
293 1971 372 1991 einer
391 1962 515 1990 historia
534 1964 734 1990 entnommene
753 1963 962 1992 Bmchstiicke:

604 2019 637 2045 A.
659 2018 683 2045 Ο
702 2020 837 2053 Ger-arde,
858 2023 941 2056 pater
960 2022 1043 2055 alme,

655 2056 743 2093 Gregi
761 2059 811 2084 tuo
831 2058 908 2085 vires
928 2058 1043 2094 palmae

694 2095 741 2122 Da
759 2096 876 2122 virtutis
896 2104 960 2123 cum
978 2097 1090 2130 bravio,

657 2132 693 2159 In
713 2134 869 2167 conspectu
888 2135 993 2160 summi
1012 2136 1089 2170 regis

659 2170 701 2197 Ut
719 2172 753 2197 tu
771 2172 871 2206 pastor
890 2172 933 2198 tui
952 2173 1058 2208 gregis.

694 2207 853 2237 Gratuleris
874 2210 1027 2236 consortio.

421 2264 454 2291 R.
476 2263 562 2291 Alma
582 2265 672 2299 stirpe
691 2266 777 2291 natus
799 2265 883 2293 miles
902 2266 958 2294 fuit
976 2267 1032 2294 iste
1051 2267 1152 2295 beatus

480 2301 589 2329 Christi
609 2304 777 2336 castrorum,
798 2302 856 2330 dux
875 2305 920 2330 ‘rer
939 2312 991 2331 sex
1007 2306 1220 2334 coenobiorum.

477 2339 533 2366 His
553 2341 677 2375 petimus
699 2341 801 2368 castris
820 2349 873 2368 nos
894 2342 995 2377 cingat
1013 2345 1042 2370 et
1060 2343 1172 2371 inserat
1190 2346 1286 2375 astris.

422 2378 456 2405 V.
476 2376 637 2444 {mavit
656 2380 686 2405 in
706 2380 859 2408 innocentia
877 2381 964 2408 cordis
981 2385 1005 2407 et
1023 2382 1054 2407 in
1072 2382 1244 2411 intellectibus
1262 2392 1389 2412 manuum
1408 2396 1520 2415 scutrum
