1655 2534
612 93 654 97 —
705 72 772 108 161

157 166 253 199 Hunc
276 166 428 198 mundum
455 168 665 209 exsuperasti,

159 215 304 254 Carnem,
330 213 476 245 zabulum
503 214 643 257 calcasti,

158 262 205 294 Te
228 269 313 294 nunc
337 261 500 293 victricem

156 305 445 351 Inhabi[ta]tricem

158 356 246 390 Caeli
270 356 407 395 petimus

156 403 203 436 Ut
226 403 345 434 nostris
368 411 428 441 pro
453 402 594 434 reatibus

155 449 353 489 Intercedas,
378 449 528 489 Alleluia,

118 523 125 530 .
159 497 246 536 Quae
269 496 480 537 spopondisti,

203 552 351 583 sponsam
376 546 409 575 te
434 544 480 575 sic
497 542 566 575 fore
584 543 713 582 Christi,

159 591 220 622 Pro
246 590 338 623 nobis
363 599 429 631 ora,

204 637 356 678 Quiteria,
382 638 471 678 virgo
498 638 623 670 decora.

218 733 264 764 112
289 732 321 767 3.
348 731 575 764 Nocturno.

300 806 345 832 Ad
369 803 499 832 Cantica.

116 887 123 895 .
155 865 185 895 A
210 862 286 894 solis
312 865 384 894 ortu
408 870 478 892 cum
503 869 616 892 occasu

202 908 304 940 Deum
328 910 440 941 laudet
463 908 638 940 mirabilem

156 955 305 989 Ecclesia
331 956 486 995 condigno
509 955 631 998 plausu,

203 1003 277 1035 Rite
302 1004 387 1035 colat
409 1002 614 1040 laudabilem,

154 1050 322 1089 Cosmique
346 1049 529 1090 peripheria

154 1097 201 1129 Te
225 1097 320 1136 colat,
345 1106 362 1128 0
387 1097 539 1135 Quiteria.

292 1171 502 1206 Responsoria.

122 1253 130 1261 .
157 1229 249 1261 Nova
273 1229 358 1268 regis
383 1229 525 1267 mutatio,

156 1276 287 1308 Erroris
311 1276 508 1316 exstirpatio,

154 1324 258 1355 Fonte
281 1323 386 1361 plebis
410 1322 533 1354 renatio

203 1369 324 1402 Zabulo
351 1369 552 1409 displicuero,

159 1417 241 1448 Nam
266 1416 349 1448 sicut
372 1415 479 1456 fulgur
504 1414 652 1446 fulminat,

158 1463 343 1504 Virginique
367 1463 573 1505 improperat,

153 1511 244 1549 Quod
268 1510 309 1542 ab
333 1510 404 1549 ipso
428 1510 590 1550 surripiat,

205 1557 292 1597 Quae
317 1557 436 1589 Christi
461 1566 523 1589 non
549 1556 648 1598 fuere,

114 1630 119 1636 .
151 1604 271 1637 Dolens
297 1613 465 1636 conversos

203 1651 337 1691 populos
361 1651 554 1691 baptismate
578 1658 709 1685 mersos

121 1733 128 1741 .
153 1708 300 1741 Recessit
325 1708 459 1740 daemon
483 1710 609 1740 coactus

155 1756 208 1788 Ad
233 1755 342 1794 abyssi
366 1754 540 1793 anfractus,

154 1803 219 1836 Per
243 1803 398 1843 virginem
424 1803 556 1835 adactus

198 1850 396 1883 Potestatem
429 1859 578 1889 rumpens
611 1849 669 1882 Al-

480 1897 599 1938 phiani,

152 1945 278 1977 Dehinc
301 1945 463 1986 principes
490 1945 693 1984 Germanum,

154 1992 326 2033 Catillium,
355 1993 546 2034 Adrianum,

152 2040 311 2081 Populum
337 2043 440 2072 armat
464 2049 615 2073 vesanum

201 2088 239 2120 In
263 2097 395 2129 regnum
420 2087 614 2127 Lentiniaui,

110 2157 117 2164 .
151 2135 196 2169 Ut
221 2136 386 2175 virginem,
417 2144 522 2176 regem

199 2179 358 2227 [cogeret]
386 2183 534 2215 deserere
557 2183 670 2223 legem.

119 2264 127 2272 .
153 2240 270 2273 1nclita
294 2243 417 2281 martyr
444 2243 476 2271 et
500 2240 610 2280 regina

151 2287 189 2319 In
217 2287 296 2319 urbe
322 2288 523 2321 Adurentina

200 2337 231 2367 A
254 2335 369 2367 lictore
392 2335 599 2378 quaeritatur,

134 2394 263 2420 Dreves,
280 2394 402 2417 Historiae
418 2393 573 2422 rhythmicae.
604 2393 654 2416 VII.

842 168 985 208 Quiteria
1008 175 1122 199 nomen
1147 167 1270 207 pandit,

840 215 955 247 Manus
981 214 1022 246 ad
1046 223 1157 254 preces
1183 213 1343 257 expandit,

841 261 979 302 Spiritus
1005 261 1044 293 ad
1070 264 1157 292 astra
1180 260 1316 299 scandit,

886 308 932 341 Ob
944 308 1103 341 Christum
1114 308 1188 340 dum
1199 307 1390 349 decollatur3

802 380 809 389 .
839 355 928 387 Haec
952 363 1010 395 pro
1036 351 1199 397 [gravatis]

841 402 942 435 Fudit
967 410 1078 441 preces
1105 406 1136 433 et
1158 401 1330 441 tribulatiS,

843 449 1013 482 Succurrat
1035 452 1071 480 ut
1096 448 1187 480 citius

841 496 927 529 Deus
954 497 1019 527 eius
1044 495 1251 535 supplicibus,

932 581 976 612 In
1002 580 1232 613 Laudibus.

989 644 1184 680 Antiphonae.

807 728 813 735 .
838 702 913 735 Cum
940 703 1028 742 virgo
1049 702 1308 741 praestolaretur,

841 750 887 783 Ut
909 749 1014 789 gladio
1040 747 1191 780 feriretur

889 797 950 828 Pro
977 795 1113 834 Christo,
1139 803 1194 826 suo
1221 795 1347 836 dilecto,

838 842 926 874 Petit
947 843 1084 881 spatium
1110 842 1223 872 orandi

838 888 1055 929 Spiritumque
1077 887 1319 919 commendandi

888 935 991 967 Choro
1017 935 1171 973 virginum
1199 934 1308 965 electo.

806 1017 813 1024 .
840 991 960 1024 Orabat
983 999 1041 1030 pro
1066 989 1261 1021 infirmitatis

837 1038 996 1078 Angustia
1020 1036 1183 1068 tribulatis

885 1085 1055 1124 ipsamque
1078 1083 1309 1121 invocantibUS,

840 1133 886 1166 Ut
911 1133 972 1164 cito
998 1131 1209 1163 exaudiantur

838 1179 883 1211 Et
907 1188 926 1211 a
950 1179 1041 1210 malis
1066 1180 1216 1209 tueantur

887 1226 1026 1258 Sibicum
1050 1224 1299 1256 imminentibus.

804 1309 811 1316 .
839 1283 1012 1315 Nuntiatur
1030 1281 1105 1312 ilico

839 1330 973 1362 Oraculo
1000 1329 1152 1368 angelico,

886 1376 976 1414 Quod
1001 1383 1113 1417 preces
1138 1375 1224 1407 Deus
1249 1374 1393 1407 audivit:

838 1423 928 1465 Veni,
953 1422 1070 1466 inquit,
1097 1430 1215 1462 sponsa
1238 1421 1309 1460 Dei,

840 1470 935 1503 Cuius
963 1468 1095 1500 formam
1121 1468 1240 1508 speciei

885 1517 1040 1549 Dominus
1066 1515 1256 1555 concupivit.

806 1600 812 1607 .
838 1574 1012 1607 Exsultans
1038 1572 1126 1612 virgo
1150 1571 1266 1612 gaudio

839 1622 956 1654 Tendit
982 1621 1108 1661 collum,
1133 1624 1170 1651 ut
1193 1619 1299 1659 gladio

885 1668 948 1700 Pro
976 1667 1103 1701 Christo
1131 1666 1353 1703 decollaretur,

838 1716 884 1749 Ut
910 1724 978 1747 cum
1005 1723 1061 1747 suo
1087 1711 1234 1756 [sponso]
1261 1718 1351 1753 grata

841 1764 982 1803 Quiteria
1006 1763 1151 1794 laureata

885 1811 923 1843 In
951 1810 1047 1842 caelis
1074 1811 1287 1841 coronaretur.

807 1893 814 1901 .
839 1868 1021 1901 Catholicae
1047 1866 1137 1898 dedit
1161 1864 1274 1897 turbae

840 1915 1030 1955 Neophytae
1055 1923 1090 1946 se
1114 1914 1147 1945 in
1172 1912 1252 1945 urbe

888 1963 1030 2003 Quiteria
1055 1961 1097 1993 ad
1122 1960 1313 2002 exemplum,

839 2010 885 2043 Ut
908 2018 967 2050 pro
993 2009 1120 2042 Christo
1144 2016 1207 2039 non
1232 2007 1380 2038 timerent

841 2057 962 2096 Occidi,
989 2056 1045 2087 sed
1070 2064 1105 2086 se
1130 2053 1322 2095 praeberent

888 2103 1033 2136 Hostiam
1060 2103 1102 2134 ad
1127 2101 1188 2134 Dei
1211 2101 1374 2140 templum.

954 2177 1000 2205 Ad
1020 2175 1204 2204 Benedictus.

802 2263 809 2271 .
838 2237 908 2270 Rex
932 2239 1078 2268 aeternus
1105 2233 1305 2277 decollatam,

839 2283 902 2317 Sed
927 2284 959 2315 in
986 2282 1082 2314 caelis
1106 2282 1280 2313 laureatam

888 2330 1056 2363 Miraculis
1081 2329 1265 2370 illustravit,

1192 2383 1226 2413 11
