1655 2534
268 225 297 256 3,
323 222 430 262 Adipe
455 224 487 253 et
508 220 698 262 pinguedine
993 216 1043 248 De
1066 216 1214 248 membris
1239 216 1300 248 Dei
1325 213 1437 258 famuli

370 269 563 301 Redundant
586 269 653 299 eius
677 276 758 307 ossa,
1042 263 1190 303 Liquoris
1216 262 1422 302 abundantia,

326 316 393 348 Olei
417 316 620 347 multitudine
998 311 1145 342 seniores
1171 313 1201 342 et
1226 309 1353 350 parvuli

372 363 502 402 Semper
528 365 576 394 est
598 362 693 401 plena
717 358 812 392 fossa.
1042 357 1179 389 Currant
1201 358 1267 398 iugi
1289 356 1481 395 frequentia.

266 421 297 452 4.
321 419 516 450 Benedicant
539 421 572 448 te
595 416 714 457 populi,

347 466 405 504 Qui
429 464 506 496 facis
530 463 699 501 mirabilia,
1065 470 1110 501 In
1136 471 1169 502 2·
1196 469 1411 509 Vesperi&

323 511 373 543 De
395 512 464 543 loco
489 520 578 543 sacro
603 509 714 541 tumuli
1269 545 1276 550 Ι

369 558 454 589 Mira
475 558 585 597 prodit
609 555 791 595 fragrantia.
1111 543 1157 570 Ad
1175 543 1355 579 Mag-mfieat.

268 617 298 647 5.
323 615 362 646 ln
388 614 526 653 capsella
549 613 656 652 lignea
926 602 967 635 A·
995 599 1143 652 Liquofi}
1166 600 1270 653 fiyffio

367 661 480 699 Myrea
503 660 744 699 transportatus,
1042 646 1149 699 Patult
1173 650 1285 691 pletas,

322 706 395 738 Bari
422 707 530 738 tumba
552 712 730 736 marmorea
995 693 1046 724 EX
1071 702 1157 746 cuius
1182 695 1301 747 ‘tumqlo

365 752 506 784 Tandem
531 755 580 783 est
605 750 785 793 collocatus,
1042 740 1154 793 Prodit
1178 744 1327 783 suavila-S,

996 786 1089 818 Caecl
1115 796 1154 818 ex
1180 788 1271 819 oculo

437 825 482 853 Ad
501 825 684 852 Benedictus.
1041 834 1176 865 Pellitur
1200 834 1348 874 caecitas,

251 885 291 915 A.
320 882 403 914 Dum
427 883 496 914 loco
521 882 602 913 sacri
627 880 739 911 tumuli
996 880 1149 912 Subvenit
1171 881 1289 920 populo

367 929 452 960 Mira
475 929 583 970 prodit
606 927 792 968 fragrantia,
1042 927 1146 966 Ipsius
1171 928 1297 961 caritas

331 1003 411 1030 Brev.
431 1010 483 1029 ms.
503 1001 673 1029 Redonense
692 1008 765 1027 saec.
789 998 831 1026 15.
866 999 932 1027 Cod.
953 1000 1085 1026 Vatican.
1100 1000 1236 1028 Ottobon.
1256 999 1320 1028 543.
1340 1000 1375 1027 A.
1395 1015 1434 1019 —
1453 1002 1539 1029 Brev.

253 1040 441 1067 Valentinum
459 1040 528 1074 imp.
548 1039 701 1065 Valentiae
722 1035 803 1064 1533.
818 1038 849 1063 B.
871 1052 906 1056 —
924 1038 967 1065 In
988 1035 1130 1072 LVesp.
1151 1046 1237 1073 super
1257 1039 1305 1065 Ps.
1325 1046 1380 1064 nur
1402 1037 1416 1065 1
1441 1037 1472 1072 A,
1498 1040 1545 1067 die

254 1079 328 1104 erste
345 1078 374 1102 13.
393 1091 432 1095 —
446 1075 466 1102 A
490 1075 513 1109 1,
535 1074 552 1102 2
571 1076 672 1102 favens
691 1075 892 1102 laborantibus
909 1075 943 1102 A.
963 1089 1000 1094 —
1020 1073 1038 1099 A
1061 1072 1085 1107 1,
1106 1073 1126 1101 4
1144 1076 1295 1102 transferri
1307 1076 1443 1103 manibus
1457 1077 1492 1104 A.
1507 1093 1540 1097 —

254 1114 275 1139 A
304 1112 330 1147 2,
351 1112 368 1140 2
394 1114 430 1141 In
456 1122 571 1140 suorum
598 1114 632 1140 A.
660 1126 697 1130 —
725 1110 747 1137 A
775 1109 801 1145 3,
825 1110 839 1139 1
863 1112 1023 1139 Exorta‘cus
1050 1112 1084 1138 A.
1112 1127 1145 1130 —
1173 1111 1194 1138 A
1221 1110 1249 1146 3,
1268 1111 1288 1140 4
1312 1113 1345 1138 in
1369 1121 1432 1140 eam
1452 1114 1486 1141 A.
1508 1130 1541 1133 —

254 1151 275 1177 A
300 1149 326 1183 4,
350 1149 363 1177 1
385 1152 409 1177 A
438 1151 511 1177 fehlt
528 1152 562 1177 A.
583 1164 615 1168 —
639 1149 684 1176 Ad
703 1149 802 1183 Magn.
823 1147 855 1184 A,
875 1148 894 1176 4
913 1150 1080 1177 thesaurum
1100 1152 1213 1176 tantum
1232 1151 1267 1177 A.
1289 1164 1325 1169 -—
1343 1150 1396 1177 Ad
1414 1151 1540 1178 Matut.

252 1190 345 1216 Iuvit:
360 1189 517 1215 Adoremuc
532 1196 627 1223 regem
641 1186 830 1221 saeculorum,
846 1187 907 1220 Quc
919 1187 994 1214 vivit
1002 1184 1152 1220 Nicolaus,
1166 1187 1259 1214 honor
1269 1188 1452 1215 sacerdotum
1463 1190 1495 1216 B.
1507 1205 1517 1209 ι

253 1227 292 1253 In
312 1226 414 1252 Noct.
432 1224 454 1250 A
475 1223 500 1258 2,
520 1223 539 1252 4
559 1223 707 1251 Revelatis
727 1224 760 1250 B.
781 1237 817 1241 —
839 1222 859 1249 R
882 1223 905 1257 1,
926 1222 944 1251 8
964 1223 1128 1259 praefulges
1150 1224 1238 1252 odore
1258 1226 1293 1252 A.
1313 1239 1351 1243 —
1373 1223 1393 1250 R
1414 1223 1440 1259 3,
1465 1224 1479 1252 1
1500 1235 1542 1262 sq.

253 1264 323 1290 Cum
344 1272 402 1289 nen
421 1263 518 1289 desint
530 1270 597 1289 sara
611 1261 741 1297 pericula
753 1261 788 1287 A.
801 1275 840 1279 —-
852 1259 872 1286 R
887 1259 914 1294 3,
929 1262 946 1289 3
960 1269 1003 1296 sq.
1017 1260 1115 1288 Sacris
1129 1265 1291 1290 monstrant
1302 1263 1445 1290 miracula
1457 1264 1491 1291 A.
1506 1279 1543 1282 —

254 1301 280 1333 H,
302 1299 328 1331 ἲ),
348 1299 364 1326 ’7
385 1301 458 1327 Neci
480 1301 549 1326 sunt
577 1298 731 1334 propatula
749 1298 784 1324 A.
804 1314 841 1318 —
863 1296 883 1324 R
905 1296 930 1333 3,
951 1297 957 1325 ἕ
990 1298 1032 1325 Ut
1051 1298 1175 1325 satisfiat
1194 1308 1213 1326 a
1230 1301 1304 1327 vitio
1325 1301 1360 1326 A.
1394 1318 1409 1321 -
1440 1300 1457 1326 R
1478 1299 1504 1334 3,
1526 1300 1543 1329 9

254 1338 332 1364 Deus
357 1337 454 1371 prodit
479 1337 512 1363 A.
544 1354 565 1357 —
603 1334 623 1362 R
649 1333 727 1370 3,11
756 1334 877 1362 Sanetus
897 1336 937 1370 Α,
968 1344 1017 1362 ore
1042 1335 1115 1362 fehlt
1133 1336 1166 1362 A.
1187 1353 1223 1356 —
1243 1338 1284 1365 In
1303 1337 1413 1365 Laud.
1435 1336 1457 1364 A
1479 1337 1504 1371 1,
1528 1338 1541 1366 1

254 1376 332 1402 Laus
353 1375 478 1401 clatione
496 1375 531 1401 A.
552 1388 586 1392 --
608 1372 630 1399 A
653 1371 677 1406 1,
700 1370 717 1398 2
737 1374 852 1399 taetrici
871 1374 904 1399 B.
929 1388 961 1392 —
981 1371 1003 1398 A
1026 1370 1050 1405 1,
1072 1371 1090 1399 3
1110 1373 1249 1402 effusione
1269 1376 1303 1402 A.
1323 1389 1360 1393 —
1375 1374 1397 1401 A
1421 1374 1445 1409 1,
1465 1375 1485 1403 4
1498 1377 1542 1404 De

254 1412 430 1446 sarcophago
452 1413 521 1438 sunt
533 1411 574 1445 A;
595 1411 640 1437 De
659 1410 735 1437 furto
755 1410 824 1436 facti
844 1413 912 1437 sunt
924 1411 957 1436 B.
977 1424 1014 1428 --—
1029 1409 1048 1435 A
1070 1408 1094 1442 2,
1116 1408 1133 1436 2
1154 1412 1331 1440 exaltatione
1344 1413 1379 1440 A.
1395 1429 1432 1432 —
1445 1412 1468 1439 A
1483 1412 1509 1448 2,
1526 1414 1544 1442 3

255 1449 358 1476 baiulis
377 1448 449 1475 fehlt
460 1449 495 1475 A.
514 1463 551 1467 —
566 1447 587 1473 A
605 1446 631 1480 2,
651 1445 670 1473 4
682 1447 759 1474 Bina
771 1447 924 1475 devotione
936 1449 971 1474 A.
994 1462 1029 1466 —
1049 1446 1070 1472 A
1086 1446 1111 1481 3,
1132 1446 1150 1474 2
1165 1448 1236 1476 Cum
1249 1450 1444 1477 redundarent
1455 1451 1489 1478 A.

256 1487 275 1511 Α
298 1483 324 1518 3,
345 1484 363 1513 3
389 1485 584 1512 multitudinis
604 1485 638 1511 A.
659 1498 695 1503 —
714 1482 736 1509 A
757 1481 783 1516 3,
803 1482 823 1510 4
842 1485 929 1520 plena
948 1487 993 1512 est
1011 1486 1043 1512 B.
1064 1499 1100 1504 ——
1120 1485 1142 1511 A
1162 1485 1189 1520 4,
1211 1486 1225 1514 1
1249 1487 1417 1515 Benedicite
1435 1489 1538 1523 populi

253 1525 286 1550 Λ.
307 1536 343 1541 -
364 1521 385 1548 Α
407 1521 432 1555 5,
455 1520 468 1548 1
491 1522 614 1549 cassella
628 1521 658 1548 B.
679 1535 716 1539 -—
732 1520 754 1546 A
776 1520 801 1554 5,
823 1520 956 1556 2Myrea
974 1522 1047 1548 fehlt
1060 1523 1093 1555 A,
1114 1526 1314 1559 transportant
1326 1525 1360 1552 A.
1381 1539 1418 1543 —-
1433 1527 1455 1551 A
1477 1525 1503 1558 5,
1525 1524 1543 1554 3

253 1561 326 1587 Mari
351 1560 451 1586 tumba
470 1560 501 1585 B.
522 1574 559 1578 —
579 1560 624 1586 Ad
642 1558 748 1585 Bened.
770 1556 801 1591 A,
824 1558 838 1585 1
857 1559 936 1586 Dum
962 1568 977 1586 e
1005 1559 1069 1586 loco
1089 1560 1122 1587 Β.
1144 1575 1177 1580 —
1200 1562 1275 1589 rbid.
1295 1560 1313 1590 :3
1333 1562 1379 1589 De
1403 1564 1542 1590 membris

253 1599 313 1624 eius
333 1596 435 1623 famuli
454 1596 487 1623 A.
512 1611 550 1615 —
574 1595 648 1623 Ibid.
670 1594 687 1622 6
707 1597 769 1631 iugi
788 1598 929 1623 memoria
946 1598 980 1623 A.
1000 1612 1039 1616 —-
1064 1597 1103 1623 In
1123 1596 1148 1624 2.
1168 1599 1272 1635 Vesp.
1292 1599 1337 1627 Ad
1355 1600 1454 1636 Magn.
1475 1600 1503 1634 A,
1525 1600 1542 1628 5

255 1634 344 1662 Caeco
365 1634 399 1661 A.

680 1741 716 1772 29
729 1749 756 1771 a.
785 1742 828 1772 De
848 1744 953 1774 sancto
973 1742 1104 1774 Nicolao.

724 1830 770 1861 In
794 1831 825 1863 1.
850 1831 1066 1870 Vesperis.

797 1913 992 1949 Antiphonae.

390 1971 421 2003 1.
448 1970 554 2002 Sancti
578 1979 635 2010 per
659 1968 742 2000 festa
762 1970 886 2001 Nicolai
910 1974 992 2002 state
1015 1972 1153 2010 iucundi,

443 2017 544 2048 Huius
569 2017 623 2056 qui
646 2016 755 2047 mundi
779 2017 922 2048 solvebat
945 2017 1082 2056 plurima
1105 2023 1235 2053 maesta.

388 2075 419 2106 2.
445 2073 626 2114 Virginibus
650 2072 766 2103 victum
792 2073 965 2105 donaverat
987 2073 1040 2104 hic
1063 2077 1095 2105 et
1118 2076 1275 2118 amictum,

442 2120 492 2151 Ne
515 2129 573 2160 per
598 2117 753 2152 defectum
779 2122 920 2159 stuprum
946 2119 1086 2151 facerent
1112 2122 1194 2153 male
1218 2127 1349 2156 rectum.

387 2178 418 2209 3.
445 2177 575 2208 Praesul
600 2175 728 2215 famose,
755 2176 932 2208 consolator
956 2176 1105 2217 pretiose,

441 2224 486 2255 Es
512 2224 610 2256 veluti
635 2223 756 2263 dignus,
783 2223 830 2254 sic
852 2223 944 2254 nobis
969 2226 1035 2254 esto
1060 2223 1222 2267 benignus,

443 2271 502 2308 Qui
525 2271 623 2302 bonus
649 2273 684 2300 ut
709 2273 812 2301 custos
836 2271 967 2302 salvasti
991 2272 1056 2302 tres
1081 2280 1157 2303 nece
1181 2273 1290 2308 iustOS.

388 2328 420 2359 4.
445 2326 494 2358 De
518 2328 602 2358 vitae
626 2324 704 2358 flore
727 2325 842 2358 florens
863 2335 1048 2366 morumque
1071 2328 1175 2360 nitore

438 2373 595 2413 Fulgebat
618 2370 715 2416 ac[tn]
739 2373 864 2413 pollens
889 2382 1085 2413 vernansque
1111 2375 1234 2411 decore.
