1655 2534
666 116 924 152 —241—

221 210 401 244 Caelibatus

265 257 372 290 firmat
396 257 593 297 propositum

218 306 348 338 Omnem
372 304 482 337 mundi

263 352 416 384 abdicans
440 351 603 393 ambitum,

151 398 187 430 V.
220 398 378 431 Gaudium
402 399 522 430 saeculi

266 448 394 487 reputat
418 446 567 485 gemitum

218 493 263 524 Et
286 493 414 525 laudem
438 493 548 532 populi

262 543 428 573 ventorum
452 539 598 573 sonitum.

162 596 193 627 2.
221 594 380 629 Nobilitas

268 645 300 674 et
325 643 422 675 decor
447 642 578 683 virginis

220 689 336 721 Sensus
361 689 475 721 mentis

266 740 298 767 et
321 745 443 769 morum
468 736 572 776 gratia

215 783 418 815 Diffuderunt

264 831 397 870 gloriam
420 830 557 861 nominis

214 876 260 908 Et
282 878 409 916 puellae

263 927 354 964 grata
376 923 555 963 praeconia.

148 971 184 1002 V.
216 971 316 1003 Velox
342 972 433 1002 sonat

265 1018 343 1049 haec
367 1018 436 1049 laus
459 1016 495 1047 in
520 1016 646 1056 Anglia‚

216 1065 286 1096 Rex
311 1074 370 1104 pro
395 1066 470 1095 nato

263 1112 346 1151 petit
369 1110 512 1142 conubia.

155 1170 186 1201 3.
213 1168 277 1208 Spe
302 1168 455 1206 concepta

266 1215 306 1247 de
330 1215 392 1247 Dei
415 1221 545 1244 munere

216 1262 325 1294 Audet
350 1262 438 1300 virgo

265 1309 351 1349 patri
376 1307 548 1350 consulere,

216 1357 263 1389 Ut
287 1365 322 1387 se
346 1362 462 1395 sponso

264 1403 421 1443 spondeat
444 1401 573 1433 tradere

216 1450 383 1482 Pollicenti

264 1506 299 1529 se
321 1495 481 1530 Christum
507 1495 612 1526 colere
621 1505 629 1534 3

145 1545 184 1578 V.
213 1544 358 1584 Spondet
381 1543 479 1584 gratis

263 1601 338 1623 mox
362 1592 432 1623 arto
457 1588 588 1621 foedere

218 1639 314 1679 Regis
339 1642 432 1670 natus

263 1685 359 1718 fidem
384 1685 537 1723 recipere.

279 1808 326 1840 In
350 1810 381 1840 2.
406 1806 463 1838 No
476 1809 637 1838 cturno.

358 1881 556 1917 Antiphone-e.

156 1944 186 1976 1.
214 1940 360 1974 Accessit
381 1941 460 1972 haec
485 1938 639 1979 condicio,

215 1989 260 2022 Ut
284 1989 461 2030 puellarum
488 1986 592 2018 contio

219 2036 351 2069 Numeri
375 2034 546 2067 millenarii

215 2084 318 2117 Detur
342 2083 400 2115 sub
427 2090 484 2122 spe
509 2081 654 2122 coniugii.

155 2144 187 2174 2.
216 2141 336 2174 Cuncta
359 2140 461 2172 libens

257 2188 381 2220 iuvenis
410 2186 531 2227 adnuit,

216 2236 265 2267 Ac
289 2235 403 2267 trieres

263 2285 354 2323 pater
377 2281 527 2325 instituit,

217 2332 316 2363 Prout
338 2330 427 2371 virgo

262 2378 382 2411 Ursula
405 2376 515 2409 voluit.

199 2438 220 2461 D
229 2443 328 2464 reves,
342 2434 464 2460 Historiae
477 2434 632 2464 rhythmicae.
662 2433 713 2458 VII.

840 215 872 247 3.
898 213 1052 254 Regiones
1080 210 1152 242 dum
1177 209 1316 249 undique

898 260 1030 300 Gyrant‚
1058 259 1248 290 concurrunt
1272 257 1396 296 agmina

896 307 1070 347 Virginum,
1096 306 1208 343 petunt
1234 304 1368 343 denique

895 354 1120 393 Apostolorum
1141 351 1260 382 limina.

1033 425 1239 461 Responsoria.

866 507 873 514 .
900 484 1077 523 Inspiratus

941 540 1026 571 papa
1051 528 1201 562 divinitus

894 577 1085 617 Martyrium

942 624 1121 664 praesciens
1147 622 1288 662 caelitus,

892 671 1010 703 Factus
1035 670 1110 702 almi

944 718 1055 750 ductor
1080 716 1247 755 exercitus,

896 766 1113 797 Praesulatum

940 812 1069 851 reliquit
1091 810 1239 850 penitus3

861 882 868 890 .
898 858 1043 890 sociatur

938 905 988 936 his
1016 906 1123 936 coetus
1147 902 1329 942 praesulum

896 951 1055 983 Passionis

940 1000 1122 1037 sumpturus
1148 996 1284 1027 titulum.

860 1079 867 1086 .
895 1053 992 1085 Vadit
1015 1053 1062 1084 sic
1087 1051 1213 1084 Christo
1239 1050 1369 1090 praevio

893 1101 990 1132 Totus
1018 1101 1123 1132 coetus
1149 1098 1321 1137 Coloniam,

893 1147 956 1180 Ubi
983 1145 1139 1179 constanti
1163 1145 1284 1184 proelio

895 1194 1037 1227 Coronae
1062 1192 1147 1231 cepit
1169 1192 1319 1231 gloriam;

856 1267 863 1274 .
892 1242 1003 1281 Iugum
1027 1239 1149 1281 sprevit

940 1297 1057 1328 sponsa
1081 1285 1227 1325 coniugii,

893 1336 1022 1368 Caelum
1047 1333 1202 1366 scandens

941 1391 1035 1414 cu1su
1058 1379 1214 1419 martyrii.

859 1464 867 1471 .
891 1439 961 1471 Rex
987 1436 1132 1470 caelestis
1157 1435 1320 1467 admonuit

894 1486 990 1525 Regis
1015 1484 1189 1524 Anglorum
1213 1482 1323 1524 filium,

894 1533 1046 1573 Sponsae,
1071 1539 1166 1570 quam
1189 1530 1278 1569 prius
1304 1529 1414 1567 voluit,

896 1580 945 1612 Ne
969 1579 1111 1619 requirat
1136 1576 1324 1617 coniugium,

895 1627 939 1660 Ut
964 1629 1038 1666 post
1059 1627 1141 1658 hanc
1165 1626 1298 1664 pergat,
1326 1623 1442 1665 docuit,

895 1674 1099 1707 Perfecturus
1123 1671 1328 1712 martyrium;

843 1722 863 1756 “.
895 1722 1012 1754 Gratus
1037 1720 1143 1761 pergit

943 1771 974 1801 et
999 1766 1196 1801 voluntarius

896 1816 1036 1857 Sponsus
1058 1814 1184 1848 Christo

941 1872 1055 1904 parere
1078 1860 1268 1903 promptius.

952 1998 997 2029 In
1024 1998 1056 2030 3.
1083 1994 1316 2026 Nocturno.

1037 2068 1233 2104 Antiphonae.

862 2155 870 2162 .
895 2128 1022 2161 Iuvenis
1047 2128 1170 2166 beatus,

944 2176 1002 2215 Qui
1027 2173 1146 2214 nuptiis
1171 2172 1287 2213 spretis

896 2224 926 2256 A
952 2223 1079 2256 Christo
1102 2223 1234 2253 vocatus

944 2271 1075 2303 Iunctus
1100 2270 1149 2300 est
1173 2266 1312 2300 athletis.

840 2331 871 2362 2.
898 2328 990 2361 Novo
1015 2325 1100 2359 bello
1125 2324 1246 2357 Ursula

949 2373 1119 2416 Superavit
1142 2372 1304 2412 mundum,

1245 2426 1280 2456 16
