1655 2534
702 59 744 64 —-
798 40 865 77 199
915 63 957 68 --

158 128 176 154 R
197 127 223 162 3,
244 128 261 156 7
281 130 460 160 hereditavit
481 133 515 160 F.
534 147 572 152 -—-
591 134 610 160 R
635 132 659 170 1,
681 133 698 162 6
719 135 774 169 Qui
795 126 914 172 propter
933 136 965 163 F.
989 152 1026 156 —
1046 134 1067 162 R
1090 135 1113 169 1,
1139 135 1156 163 7
1176 136 1266 164 Sacer
1285 145 1372 172 quam
1391 145 1458 165 nas-

156 170 270 196 ceretur
289 169 328 203 Ε,
351 169 408 197 Sed
428 173 584 206 antequam
603 175 772 201 nasceretur
798 174 832 200 A.
853 189 888 193 -
911 174 953 201 In
974 171 1000 201 3.
1020 174 1070 202 No
1080 176 1120 200 ct.
1140 171 1164 200 Α
1187 172 1212 206 1,
1234 173 1251 202 5
1274 175 1350 202 Nam
1369 175 1457 201 nimis

156 205 196 240 Β,
217 204 234 233 5
262 209 291 233 et
315 206 399 235 donis
418 208 451 235 F.
472 222 509 227 -—
529 206 552 233 Α
574 208 607 243 l,
629 209 646 236 7
667 212 752 238 mites
771 211 845 239 fehlt
861 212 901 247 Ἐς
932 211 1249 239 zusammenzuordnen
1269 212 1348 239 sind:
1369 212 1456 238 minis

155 245 246 271 terret
264 251 380 279 pravos,
401 246 536 281 precibus
558 248 666 275 mulcet
685 249 778 283 mites,
801 248 884 276 (lonis
903 249 1008 276 incitat
1018 257 1120 276 vanos.
1139 264 1178 268 —
1193 247 1214 274 Α
1236 247 1262 283 2,
1278 248 1296 275 7
1310 249 1366 277 Per
1381 250 1457 276 eius-

156 280 221 309 dem
240 281 314 309 fehlt
331 282 364 309 F.
384 297 421 302 —
443 280 464 309 R
487 281 510 318 1,
532 282 549 311 9
568 285 610 312 Et
628 285 679 313 ille
698 294 757 313 non
776 287 832 313 fuit,
849 287 946 314 lentus
967 286 998 320 0,
1019 302 1056 306 —-
1078 284 1098 312 R
1120 284 1146 320 2,
1168 285 1185 313 7
1201 286 1315 314 Christo
1335 286 1408 314 fehlt
1420 287 1461 321 F;

156 320 408 348 commendaturum
427 321 461 348 F.
487 334 524 339 —
546 318 566 348 R
593 320 620 356 2,
643 321 679 350 16
698 324 830 359 gaudent
847 324 973 359 angelici
992 324 1032 358 Ε,
1053 324 1115 351 dies
1133 325 1361 358 Responsorium
1380 325 1461 359 zeigt

157 357 249 384 sehon
278 357 369 385 durch
396 359 479 386 seine
498 360 627 394 gri-iissem
646 361 860 397 Ausdehnung,
885 360 948 389 dass
970 370 1000 389 es
1021 361 1072 389 das
1093 361 1460 397 Schluss-Responsorium

154 394 210 429 ist3
233 394 271 421 01
289 395 387 422 haben
407 396 451 423 als
472 394 498 424 9.
527 397 568 424 R:

511 435 545 461 R.
570 435 665 470 Regia
682 435 753 462 urbs
772 436 857 470 Alba,
875 437 978 472 gaude,

605 472 700 500 Tanto
722 472 811 510 digna
829 475 969 509 principe,

568 511 714 538 Decorata
733 511 850 546 quidem
867 511 956 539 laude

604 548 648 575 Re
668 549 754 576 simul
774 550 803 576 et,
820 550 948 582 nomine,

568 586 614 613 Eo
636 585 713 620 quod
731 587 792 613 tam
811 587 934 621 pretiosi

607 622 742 658 Corporis
762 625 911 659 egregium

567 661 722 688 Possidere
740 662 873 688 meruisti

607 698 691 725 Felix
709 698 787 725 facta
804 700 940 733 pretium,

511 735 546 761 V.
572 736 694 762 Gloriosa
713 735 785 763 dicta
804 741 867 763 sunt
886 738 917 763 de
936 742 969 770 te,

568 774 659 799 civitas
679 774 799 800 Domini.

156 808 197 836 In
216 809 327 836 Laud.
346 808 392 837 Ad
412 809 519 836 Bened.
541 807 563 836 Α
584 810 793 838 sanctissimus
811 819 863 839 rex
883 810 1047 847 Stephanus
1069 813 1122 839 etc.
1144 812 1177 838 A.
1198 825 1235 830 -
1255 810 1295 838 In
1315 808 1340 837 2.
1355 809 1458 844 Vesp.

156 846 201 874 Aa
219 846 322 882 Magn.
343 844 376 881 Α,
401 845 415 874 1
437 846 590 875 Gloriosus
611 855 662 874 rex
680 848 712 875 F.
734 863 771 868 —
791 847 870 875 Statt
888 848 982 876 dieser
1003 846 1026 874 Α
1049 852 1146 876 setzen
1165 848 1234 877 DGs:

567 885 658 912 Prcce
677 886 736 920 pia,
757 885 845 913 decus
866 886 1045 921 megariae,

567 922 715 950 Thronum
734 923 820 950 nobis
840 923 926 958 placa
945 923 1125 956 clementiae,

568 961 612 988 Ut
631 961 775 995 possimus
795 962 921 995 purgata
937 961 1016 987 carie

570 996 656 1025 Cives
677 997 741 1024 es'se
761 998 895 1025 caelestis
915 999 1037 1032 patriae.

156 1034 183 1061 A
202 1033 256 1061 hat
275 1043 313 1062 an
333 1034 463 1070 gleicher
485 1034 576 1062 Stelle
596 1035 660 1063 eine
681 1035 834 1071 Antiphon
852 1039 883 1062 iu
901 1035 1087 1070 Reimprosa:

569 1072 721 1101 Gloriosus

570 1110 672 1138 Cultor
691 1111 758 1144 Dei,
778 1118 832 1137 rex
852 1109 1026 1146 btephanus,

568 1148 775 1185 Hungarorum
798 1148 898 1176 doctor
921 1149 1062 1185 egregius,

566 1186 760 1213 Ferocitatem
778 1187 909 1221 gentium

570 1223 748 1258 Pei-domuit,
769 1232 863 1251 mores
884 1223 1044 1251 crudelium

571 1260 737 1296 Super-avit,

568 1299 670 1326 Victor
689 1300 722 1325 in
742 1298 857 1326 Christo
879 1298 1021 1334 populum

570 1335 788 1372 Acceptabilem
808 1336 934 1364 Domino

566 1374 768 1409 Praeparavit.

152 1409 195 1438 Es
215 1410 340 1438 braueht
358 1411 436 1439 wohl
455 1411 538 1439 nicht
551 1412 684 1439 bemerkt
696 1419 733 1438 zu
745 1410 869 1446 werden,
890 1410 953 1438 dass
967 1410 1156 1446 Antiphonen
1167 1410 1230 1437 und
1242 1411 1460 1446 Responsorien

155 1449 206 1476 der
225 1448 400 1476 Nokturnen
420 1457 472 1476 aus
494 1450 595 1476 einer
614 1449 707 1476 Feder
727 1451 878 1481 stamnum,
899 1448 947 1476 die
967 1447 1094 1476 anderen
1106 1448 1190 1476 Teile
1209 1449 1321 1475 {lieren
1341 1446 1464 1475 Officien

152 1488 338 1514 entnommen
363 1486 508 1514 scheinen.
535 1501 572 1506 -——
602 1486 749 1521 Hymnen:
776 1486 878 1514 Gaude
903 1489 995 1513 mater
1016 1486 1172 1522 Hungaria
1191 1486 1270 1513 ΑΒΕ
1294 1485 1389 1520 (Anal.
1409 1485 1461 1518 IV,

153 1521 234 1558 238„
255 1524 395 1552 Gaudent
413 1525 488 1552 caeli
508 1532 587 1551 nova
605 1524 671 1552 luce
690 1524 739 1552 BF
758 1522 852 1558 (Anal.
873 1524 926 1558 IV,
946 1521 1021 1558 239).

612 1616 657 1646 73.
689 1615 732 1646 De
752 1617 861 1646 saneta
881 1614 1004 1647 Thecla.

285 1685 333 1717 In
359 1686 390 1718 1.
419 1685 636 1724 Vesperis.
851 1687 882 1718 3.
906 1685 971 1717 Res
995 1685 1152 1726 miranda,
1177 1683 1216 1719 fit
1239 1687 1371 1724 repente

956 1731 1086 1773 Fragile
1111 1732 1331 1772 corpusculum

368 1787 563 1822 Antiphonae.
909 1779 1089 1811 Excellenti
1113 1782 1178 1811 tam
1205 1780 1332 1820 virtute,

957 1827 1004 1860 Ut
1026 1826 1113 1858 ferre
1138 1827 1240 1866 possit
1263 1826 1425 1859 vasculum

164 1863 195 1898 Ῑ·
221 1862 781 1917 Tecum2ssfleqla>ffp1qqd0²'manet
908 1874 1018 1907 Crucis
1044 1874 1172 1913 Christi,
1198 1873 1283 1914 quod
1308 1883 1327 1905 a
1351 1876 1453 1906 morte

271 1912 315 1944 Et
338 1913 533 1952 Vll'glffltatls
558 1911 669 1954 mlum>
955 1921 1027 1953 Hoc
1051 1921 1188 1953 redemit
1211 1922 1381 1953 saeculum.

221 1958 312 1997 QUOd
334 1966 486 2011 spopsum
504 1967 617 2012 ,ΞΘΠῨΞ
850 1980 881 2011 4.
907 1978 961 2010 Fit
988 1978 1095 2009 virens
1120 1977 1211 2016 virga
1235 1977 1344 2016 vigens
1361 1977 1466 2017 virgo,

269 2006 404 2038 Aeterni
428 2008 529 2046 patris
551 2005 662 2039 filium.
956 2026 1061 2065 striga
1086 2032 1124 2056 ex
1148 2026 1318 2063 praeconio

163 2083 194 2116 2.
221 2080 382 2114 Summam
407 2081 526 2114 Christi
552 2082 765 2121 praeelectam
908 2072 1027 2104 summi
1055 2071 1177 2125 Chri&
1201 2071 1291 2124 Rufi
1315 2072 1404 2103 missi

265 2129 393 2161 Turrim
418 2126 624 2167 fortitudinis,
955 2118 1107 2151 DOCGH'US
1132 2128 1165 2149 m
1189 2118 1308 2151 Icomo.

217 2176 336 2208 Vocem
360 2176 453 2210 Pauli
476 2176 509 2207 in
533 2174 686 2209 reflexam
850 2177 880 2209 5.
907 2174 979 2207 Non
1006 2176 1145 2206 terretur
1167 2174 1225 2206 sed
1248 2174 1311 2206 iam
1333 2176 1411 2207 terit

259 2223 364 2256 Mirae
389 2223 595 2256 beatitudinis
954 2221 1062 2254 Minas
1087 2222 1167 2254 haec
1190 2222 1399 2264 proconsulis,

217 2270 327 2303 Audet
350 2270 439 2310 sequi
464 2271 565 2311 virg-o,
591 2271 652 2303 viri
907 2269 981 2302 Non
1006 2268 1147 2309 exaudit,
1174 2269 1231 2301 sed
1256 2270 1388 2302 obaudit

264 2317 365 2351 Facta
390 2318 477 2350 velut
502 2319 669 2358 comparis.
954 2316 1103 2349 Mortalis
1127 2325 1240 2356 preces
1265 2317 1426 2359 culminis,
