1655 2534
678 124 929 159 —303-

210 215 300 244 Pater
320 217 530 251 amantissime,
889 219 950 247 Nos
971 219 1084 246 ascribe
1104 218 1250 254 supplices

244 263 359 290 gemma
379 254 584 289 confessorum,
930 257 1002 284 sorti
1021 256 1172 284 beatorum

209 293 326 320 Rufflas
346 294 380 319 ut
397 292 501 319 lucifer
889 294 931 322 Et
946 294 993 321 fac
1011 302 1064 320 nos
1087 294 1244 330 participes

247 331 280 357 in
300 332 385 358 coetu
405 331 579 364 sanctorum,
931 331 1031 367 gaudii
1052 332 1206 359 caelorum.

231 413 294 443 128.
314 416 507 449 IohanniS,
527 416 715 444 Reversionis
730 417 766 444 de
780 417 883 444 exsilio
906 415 920 444 1
954 415 981 444 3.
994 417 1064 444 Dec.
1080 414 1141 452 [fol.
1154 413 1254 452 115b].
1282 414 1304 442 Α
1323 415 1454 443 Christus

154 461 238 481 suum
258 454 433 489 discipulum
454 456 507 481 etc.
530 453 614 480 Anal.
635 454 742 488 XXVI,
763 454 794 482 S.
819 453 881 482 160.

229 522 267 551 2⁰
286 522 332 552 26.
353 524 432 560 Sept.
453 521 514 560 [fol.
537 521 591 551 198
599 522 637 560 a].
672 524 832 561 Folgendes
855 522 874 550 R
897 524 1117 560 nachgetragen,
1140 524 1192 552 das
1214 532 1239 550 a.
1260 532 1286 550 a.
1308 522 1340 550 O.
1361 522 1453 549 fehlt:

384 591 419 618 R.
443 591 590 619 Iohannes
612 588 787 627 [apostolus]
808 592 985 626 proscriptus
1005 591 1117 623 exsilio,

439 629 606 656 Destitutus
627 629 756 665 undique
774 629 900 655 humano
922 628 1025 655 exsilio
1044 624 1083 662 [1:
1099 625 1230 663 auxilio],

439 667 511 694 Cum
533 668 610 693 esset
628 668 660 693 in
678 667 785 702 spiritu
805 666 854 693 die
873 666 926 693 sub
947 665 1103 697 dominico,

439 704 596 732 Relevatur
617 705 673 731 Dei
693 705 807 731 visione
828 704 1006 737 caelestique
1026 702 1181 739 colloquio.

382 743 417 769 V.
442 742 499 769 Hic
520 741 588 768 dum
609 742 685 777 apud
704 741 855 777 Ephesum
874 741 968 768 Docet
988 741 1178 777 evangelium,

441 779 484 806 Ob
505 779 574 805 fidei
594 780 789 807 constantiam
808 779 966 814 Relegatur
989 778 1026 805 ad
1046 778 1172 805 insulam

233 862 294 891 129.
315 863 482 898 Iosephi,
501 863 624 890 nutricis
643 864 764 890 Domini
784 865 813 890 et
831 862 1017 895 confessoris,
1040 860 1083 890 19.
1097 863 1207 895 Martii,
1229 859 1264 888 1u
1286 858 1346 896 [fol.
1365 857 1455 895 941³}

154 901 302 938 Folgende
320 902 403 928 Teile
422 902 502 928 eines
522 899 730 928 unbekannten
750 899 912 927 Officiums:

353 962 416 989 InV.
438 960 644 988 Collaudemus
665 960 812 988 adorando
832 960 938 993 Iesum,
959 960 1015 987 Dei
1030 958 1130 993 filium,

439 999 497 1032 Qui
515 998 641 1025 Mariam
661 998 865 1033 desponsando
885 996 992 1032 Ioseph
1011 997 1061 1024 dat
1080 997 1240 1024 consilium.

551 1064 586 1091 R.
609 1064 633 1091 Ο
654 1072 762 1099 magna
779 1064 837 1091 viri
853 1064 1002 1097 sanctitas,

609 1102 633 1130 O
653 1101 760 1137 Ioseph
780 1101 859 1128 alma
880 1100 1017 1137 dignitas,

609 1140 633 1167 O
653 1139 743 1175 digna
758 1139 846 1166 laude
866 1139 994 1167 castitas.

607 1176 716 1204 Mentis
737 1178 892 1212 carnisque
911 1177 1032 1211 puritas,

610 1216 702 1249 Quam
723 1222 836 1241 summa
854 1214 912 1241 Dei
933 1214 1048 1241 bonitas

607 1251 708 1287 Elegit
726 1254 756 1279 et
775 1252 946 1286 aeternitas3

550 1290 586 1316 V.
609 1289 645 1317 In
664 1289 770 1325 Ioseph
789 1290 873 1325 larga
895 1290 989 1324 pietas

611 1327 756 1363 Fulgebat
775 1329 804 1354 et
822 1326 980 1354 humilitas.

229 1398 262 1426 2<
296 1397 357 1435 [fol.
387 1397 440 1426 145
452 1396 491 1434 b].
530 1398 607 1425 Zwei
626 1397 682 1433 ΑΑ,
706 1406 764 1425 von
784 1398 878 1424 denen
897 1397 944 1424 die
964 1399 1041 1423 erste
1060 1405 1113 1423 aus
1134 1395 1189 1423 den
1211 1394 1251 1420 ΑΑ
1274 1392 1297 1428 1,
1319 1392 1337 1420 2
1357 1393 1416 1420 und
1437 1391 1453 1420 5

155 1437 206 1465 der
235 1435 259 1464 1.
280 1437 369 1472 Vesp.
395 1437 445 1464 des
466 1435 615 1464 Officiums
636 1436 720 1463 Anal.
746 1436 860 1468 XXVI,
891 1435 942 1462 Nr.
964 1432 1008 1467 61,
1029 1434 1309 1469 zusammengesetzt
1327 1433 1380 1466 ist3
1408 1431 1455 1457 die

151 1476 254 1503 zweite
284 1475 401 1502 besteht
437 1482 489 1501 aus
522 1473 573 1500 der
599 1472 625 1500 5.
653 1473 672 1499 Α
698 1473 735 1501 ad
762 1473 888 1506 Laudes,
915 1472 1001 1499 Anal.
1027 1472 1134 1503 XXVI,
1164 1471 1192 1498 S.
1220 1468 1290 1503 174,
1321 1469 1382 1496 und
1406 1468 1456 1495 der

151 1511 309 1549 folgenden
329 1512 347 1538 Α
368 1511 415 1547 (ad
435 1510 653 1546 Benedictus?):

550 1577 584 1604 A.
607 1577 778 1605 Nazarenus
798 1576 881 1604 Iesus
903 1576 995 1603 dictus

606 1615 653 1643 Sit
671 1623 723 1642 rex
742 1615 868 1642 clemens
887 1613 1129 1648 benedictus,

647 1653 706 1687 Qui
724 1652 830 1688 Ioseph
852 1652 888 1679 de
908 1652 992 1679 domo
1012 1651 1110 1679 David

646 1690 803 1718 Visitando
826 1690 979 1717 coronavit

610 1728 755 1765 Sponsum
776 1729 890 1756 Mariae
908 1728 1029 1761 regium,

610 1769 702 1794 Suum
722 1766 837 1794 dulcem
859 1766 1027 1798 nutricium,

645 1805 727 1832 Dans
747 1804 794 1831 illi
813 1804 894 1840 pacis
915 1803 1016 1831 oscula

642 1843 699 1870 Per
719 1842 903 1869 saeculorum
923 1841 1051 1869 saecula.

227 1927 290 1957 130.
310 1927 517 1963 Irmgardis
536 1928 668 1962 virginis,
683 1926 710 1955 4.
724 1927 802 1963 Sept.
819 1924 879 1963 [fol.
896 1925 948 1954 191
956 1924 994 1963 a].
1015 1926 1163 1964 Folgende
1177 1927 1221 1954 als
1236 1924 1257 1952 Α
1273 1925 1458 1953 bezeichnete

150 1968 250 2000 Verse,
272 1967 320 1994 die
338 1966 422 1993 indes
443 1966 518 1993 auch
539 1966 620 1994 einer
639 1966 772 2002 chuenz
793 1968 976 1993 entnommen
996 1966 1060 1992 sein
1079 1966 1224 1993 konnten:

549 2027 582 2054 A.
611 2028 636 2055 Ο
655 2027 824 2064 Irmgardis,
851 2028 932 2063 virgo
958 2027 1075 2063 Christi,

606 2066 674 2094 Hoc
694 2074 712 2093 a
730 2066 799 2093 Iesu
819 2066 952 2093 meruisti

645 2105 718 2132 Tuis
739 2102 848 2131 sanctis
868 2104 1015 2139 precibus:

605 2141 711 2178 (Quod)
725 2143 775 2178 qui
788 2144 817 2169 te
831 2143 975 2178 quaerunt
987 2140 1073 2168 corde
1088 2149 1160 2176 puro

605 2178 755 2216 Illos(que)
775 2180 874 2207 salvas
894 2180 927 2206 in
946 2179 1043 2205 futuro

645 2219 709 2246 Tuo
730 2218 929 2245 adiuvamine.

226 2302 289 2332 131.
308 2304 612 2340 Irminaevirginis,
625 2304 772 2332 abatissae
783 2303 974 2336 Trevirensis,
986 2299 1031 2329 24.
1039 2302 1108 2330 Dec.
1121 2299 1182 2338 [fol.
1196 2300 1248 2329 119
1257 2299 1297 2338 b].
1312 2302 1390 2329 Zwei
1399 2299 1455 2335 ΑΑ,

146 2341 195 2369 die
215 2351 265 2369 um
286 2350 318 2369 so
338 2341 420 2369 mehr
445 2342 499 2372 auf
519 2342 567 2369 (lie
593 2341 735 2369 Existenz
760 2342 840 2368 eines
860 2338 1087 2368 Reimofficiums
1108 2340 1265 2368 schliessen
1283 2340 1390 2372 lassen,
1413 2340 1456 2367 als

147 2379 195 2408 die
214 2381 318 2407 zweite
339 2379 598 2414 augenscheinlich
619 2381 684 2407 eine
705 2379 724 2405 Α
746 2379 782 2406 ad
801 2379 900 2414 Magn.
923 2379 977 2405 ist:
