1655 2534
665 89 919 126 —221—

210 189 256 222 Ut
280 188 394 229 quibus
418 198 506 221 mens
532 191 581 220 est
606 190 747 233 credula,
888 185 961 218 Iesu
987 182 1120 224 Christe,
1146 190 1203 213 rex
1227 181 1317 220 bone,

209 236 271 268 His
296 236 379 268 actio
404 236 447 268 sit
470 236 599 276 sedula,
888 232 955 264 Nos
980 240 999 263 a
1022 230 1163 262 cordium
1187 227 1400 267 fluctuatione,

140 284 178 316 V.
207 284 245 316 In
268 282 423 315 famulatu
448 283 576 323 Christi,
890 280 940 312 Tu
966 277 1105 317 digneris
1131 276 1296 308 absolvere

212 331 319 371 Quem,
346 330 478 371 Thoma,
503 330 647 370 tetigisti,
892 326 984 358 Omni
1007 327 1158 367 tempore,

212 377 336 416 Obtine,
363 386 404 409 ne
430 386 484 409 cor
507 379 660 420 tepescat,
819 373 858 406 V.
888 373 934 406 Ut
958 372 1012 412 qui
1034 376 1068 401 te
1090 380 1153 402 non
1177 370 1321 402 videntes

209 425 273 458 Sed
283 432 409 464 semper
418 425 553 464 amplius
565 425 761 458 exardescat.
890 419 965 451 Tibi
990 418 1158 459 credimus,
1184 420 1217 448 te
1241 417 1418 455 sequentes.

153 484 184 514 2.
211 481 303 521 Quod
327 481 475 522 Thomas,
503 481 636 513 dilectus
891 466 981 498 Tunss
1004 474 1111 518 omnes
1132 462 1358 502 beat'ifioemUW

213 528 330 561 Christi
355 528 539 569 discipulus,
565 528 732 571 dubit-avit,
892 513 1022 552 Quando
1046 521 1080 544 m
1104 511 1167 544 fine

211 576 282 608 Hoc
309 576 430 608 idcirco
456 576 601 609 Christus
937 559 1028 591 huius
1053 559 1163 590 mundi
1186 558 1332 589 sistemur

210 622 351 655 Provide
377 622 584 663 dispensavit,
892 607 1005 640 coram
1029 606 1150 659 indicer-
1201 652 1207 658 ,

210 672 258 704 Ut
280 670 360 701 haec
386 670 530 702 dubietas
892 653 1097 685 Peccatorum
1122 652 1257 685 vindice.

210 718 321 750 Fieret
343 720 473 749 nostrae

257 763 334 795 fidei
358 764 513 798 soliditas,

141 812 179 846 V.
213 811 328 844 Carum
354 819 444 842 suum

258 858 305 889 sic
327 858 474 897 permisit
498 865 615 896 errare,

212 904 280 937 Nos
306 907 473 936 extraneos
499 913 519 935 a
542 903 607 935 fide

258 960 305 983 510
330 950 526 984 confirmare·
831 961 862 994 1.
890 960 1006 993 Orbem
1029 960 1169 993 firmavit

935 1007 1012 1039 fidei
1036 1009 1205 1048 sedemque
1230 1007 1365 1047 paravit,

890 1055 1060 1094 Postquam
1084 1054 1230 1095 palpavit

936 1101 1083 1143 Thomas,
1111 1102 1151 1134 de
1175 1110 1235 1141 quo
1262 1099 1427 1133 dubitavit.

977 794 1023 825 In
1047 793 1274 826 Laudibus.

1024 885 1218 921 Antiphonae.

279 1084 325 1116 In
351 1084 381 1116 3.
408 1083 624 1115 Nocturno.

345 1167 551 1203 Responsona.
831 1188 864 1220 2.
889 1187 997 1219 Morte
1019 1186 1093 1220 Iesu
1117 1186 1221 1219 faetus

151 1236 182 1268 1.
209 1235 361 1278 Benedic,
388 1235 533 1274 Domine,
935 1234 1119 1268 incredulus
1144 1237 1218 1266 ante
1242 1232 1407 1273 protervit,

209 1283 279 1314 Tua
305 1282 474 1314 dulcedine
891 1281 955 1313 Sed
979 1283 1068 1313 tactu
1087 1284 1191 1314 tactus

209 1330 256 1361 Te
280 1328 504 1361 benedicentes
935 1329 968 1360 in
991 1329 1116 1361 laetitia
1141 1328 1202 1360 sibi
1228 1327 1337 1359 servit.

209 1378 316 1416 Atque
343 1377 520 1409 recolentes

209 1424 350 1456 Thomae
373 1423 554 1464 praeconia,
830 1414 861 1446 3.
888 1413 1009 1466 Christi
1034 1413 1183 1446 virtutem
1351 1459 1354 1462 ι

210 1471 305 1503 Cuius
329 1470 474 1511 victoria,
936 1460 1023 1492 videt
1037 1460 1090 1492 hic
1102 1461 1279 1500 recipitque
1291 1464 1438 1501 salutem,

207 1518 302 1550 Fidei
327 1517 470 1558 firmitas,
888 1507 934 1539 Et
957 1507 1127 1540 Dominum
1151 1508 1247 1547 iurat,

207 1565 285 1605 Spei
310 1565 498 1608 sublimitas,
935 1557 967 1585 et
995 1555 1107 1587 vulnus
1132 1556 1264 1587 vulnere
1289 1557 1388 1587 curat.

203 1613 313 1645 Ardor
339 1613 490 1655 caritatis,

205 1660 330 1700 Dogma
353 1660 497 1692 veritatis
827 1637 860 1672 4.
886 1640 962 1671 Tiro
995 1640 1063 1693 dies
1089 1643 1160 1673 octo

209 1707 332 1740 Mundo
357 1707 434 1739 dant
457 1707 542 1739 vitae
566 1704 688 1738 fercula
936 1687 1085 1720 dub1tans
1099 1688 1246 1728 posthoc
1260 1688 1339 1719 duce
1350 1687 1442 1720 docto

207 1755 270 1786 Per
294 1753 420 1786 infinita
445 1755 581 1786 saecula.
889 1734 1021 1774 D⁰⁰t¹¹⁵⁷
1048 1736 1102 1776 qni
1128 1735 1204 1789 viqst
1378 1782 1384 1788 .
1408 1783 1414 1789 .

137 1802 175 1835 V·
206 1801 374 1842 consigna,
401 1801 448 1833 ΗΠ
471 1801 542 1841 Dei,
934 1785 1078 1826 mortem,
1090 1783 1261 1815 Dominum
1271 1782 1442 1815 bened1c1t.

209 1849 276 1881 Nos
302 1847 493 1882 famulantes
519 1849 557 1891 ei,

208 1896 296 1929 Luce
320 1899 394 1929 tuae
419 1895 512 1928 faciei
830 1870 862 1899 5²·
888 1866 1015 1899 Laudat
1042 1867 1081 1899 de
1108 1869 1204 1900 caelis

936 1914 1106 1947 Dominum
1131 1917 1194 1948 iam
1217 1918 1323 1947 mente
1338 1914 1443 1948 fidelis

149 1965 181 1996 2.
208 1964 357 2003 Thomae,
386 1964 452 1996 cari
474 1963 530 2005 tui,
889 1962 977 1995 Caeli
1007 1962 1143 2003 denique
1166 1963 1216 1994 ius

252 2011 472 2052 haesitatione,
937 2010 1023 2049 capit
1047 2010 1077 2042 in
1105 2010 1276 2042 virtutibus
1302 2011 1379 2043 eius,

215 2107 300 2134 BreV.
321 2114 374 2133 ms.
397 2107 557 2135 Garstense
577 2105 647 2132 armi
669 2102 750 2133 1415.
792 2103 861 2131 Cod.
881 2104 1002 2131 Lincen.
1022 2104 1054 2131 F.
1075 2114 1102 2139 p.
1126 2102 1169 2131 12.
1184 2104 1218 2131 A.
1232 2119 1269 2123 -
1285 2104 1369 2132 Brev.
1391 2115 1434 2134 ms

135 2144 166 2172 S.
188 2145 289 2172 Crucis
316 2141 381 2172 320.
409 2151 484 2172 saec.
513 2141 556 2170 15.
577 2143 610 2170 Β.
630 2157 669 2161 -
687 2143 731 2170 In
753 2141 776 2169 1.
797 2142 902 2177 Vesp.
922 2141 999 2169 Eine
1023 2139 1049 2169 5.
1072 2142 1240 2178 prosaische
1260 2141 1282 2169 Α
1302 2144 1335 2170 in
1353 2144 1387 2170 A.
1408 2159 1445 2163 —

131 2181 180 2210 Ad
198 2183 330 2209 Matut.
357 2182 446 2210 Invit.
466 2180 486 2209 4
504 2181 545 2209 Et
569 2181 726 2209 iubilemus
747 2182 779 2208 B.
799 2194 836 2199 —
856 2180 897 2207 In
918 2177 943 2206 1.
964 2179 1014 2207 No
1024 2181 1063 2207 ct.
1087 2178 1107 2206 Β
1132 2179 1157 2214 1,
1177 2178 1195 2206 2
1215 2181 1271 2208 hoe
1291 2183 1336 2209 est
1354 2182 1387 2209 B.
1408 2199 1444 2202 —

136 2218 157 2246 Β
179 2218 206 2254 2,
230 2218 244 2247 1
267 2220 352 2253 Quod
372 2221 446 2248 fehlt
464 2220 499 2247 A.
518 2234 558 2238 -
577 2220 619 2247 111
639 2217 665 2246 3.
687 2219 787 2247 Noet.
809 2218 827 2244 Β
849 2216 876 2253 2,
899 2217 915 2245 7
935 2217 1072 2246 similitas
1093 2218 1127 2245 A.
1197 2215 1218 2244 Β
1239 2216 1265 2253 2,
1290 2217 1324 2247 10
1345 2229 1443 2249 omnes

133 2258 209 2286 fehlt
226 2258 262 2285 A.
282 2272 318 2276 —
343 2255 363 2283 Β
385 2257 411 2293 2,
434 2256 468 2286 11
492 2258 614 2292 Quando
634 2257 708 2284 fehlt
719 2258 752 2285 Β.
773 2271 810 2275 -
824 2256 866 2284 In
880 2255 993 2284 Laud.
1010 2253 1031 2281 Α
1055 2255 1079 2290 1,
1101 2254 1118 2283 2
1138 2258 1256 2292 paravit
1274 2258 1347 2285 fehlt
1360 2259 1393 2285 A.
1415 2274 1444 2282 -Δ

134 2296 201 2324 Alle
219 2297 261 2323 im
280 2296 501 2324 Vorstehenden
521 2295 676 2323 fehlenden
688 2295 773 2324 Teile
790 2294 856 2323 sind
871 2293 1038 2330 prosaiseh3
1059 2294 1260 2323 insonderheit
1272 2296 1304 2322 in
1321 2294 1344 2324 1.
1359 2297 1443 2325 Noct.

134 2332 181 2361 ΑΑ
202 2331 286 2368 4-6,
309 2331 353 2359 ΒΒ
377 2333 401 2369 1,
423 2332 440 2362 3
460 2334 520 2361 und
540 2332 575 2368 43
595 2335 628 2361 in
647 2331 674 2360 2.
696 2334 780 2363 Noct.
796 2332 843 2359 ΑΑ
867 2330 949 2366 1-6,
972 2329 1015 2358 ΒΒ
1037 2329 1055 2360 3
1076 2333 1135 2361 und
1154 2331 1189 2369 43
1210 2334 1241 2360 in
1260 2331 1287 2362 3.
1301 2334 1386 2363 Noct.
1407 2337 1444 2364 ad

133 2372 218 2400 Cant.
239 2370 272 2406 Α,
295 2369 340 2398 BR
363 2370 378 2399 1
399 2372 459 2402 und
478 2371 505 2400 4.
