1655 2534
704 85 963 120 —3-12—

597 181 634 208 V.
654 179 823 215 Gongaudet
840 178 974 215 populus,

646 218 723 246 Dum
744 216 889 245 exsultant
907 216 1030 243 caelitus

646 254 720 282 Ossa
738 254 902 282 humiliata.

266 348 328 377 173.
348 349 582 383 Melchiadis‚
602 356 697 384 papae
708 350 739 374 et.
750 348 893 381 martyris,
911 345 1029 374 10.Dez.
1046 342 1223 382 [f01.244b].
1255 345 1314 373 Die
1326 344 1483 381 folgenden

190 387 609 452 nggincghzgieoffigizgtirffuung
636 386 770 413 erinnern
790 385 858 412 eher
878 392 916 411 an
937 386 984 412 ein
1005 384 1188 421 Reimgebet‚
1218 383 1295 411 deun
1314 390 1353 410 an
1373 384 1438 410 eino
1458 382 1480 409 Α

245 481 315 513 Ave,
335 489 412 516 papa
429 480 562 517 gloriose,
917 478 1063 514 Superatis
1083 478 1248 510 victoriose,

246 518 372 545 Pasceris
390 520 456 545 tuos
474 519 605 545 virtuose
917 515 1066 551 Quidquid
1084 523 1116 542 es
1136 515 1279 541 iniuriose

282 555 338 582 Per
357 556 496 582 virtutum
515 556 657 588 meritum,
953 553 1063 580 Passus
1082 560 1135 588 per
1153 552 1334 586 martyrium,

248 592 337 626 Quem
357 601 410 619 nec
428 600 538 628 poenae
558 592 709 619 dolorosae
917 591 1020 625 Spreto
1041 598 1097 625 quo
1117 590 1264 617 laboriose

246 630 307 657 Nee
325 629 485 657 blanditiae
503 629 622 657 dolosae
916 628 986 655 Mox
1006 628 1043 654 ad
1060 629 1142 654 vitae
1161 626 1320 663 gaudiosae

283 667 422 694 vicerunt
440 666 613 700 carnificum,
954 666 1099 693 Transisti
1119 666 1305 692 consortium.

267 759 327 788 179.
347 761 379 787 M
386 760 435 787 ild
443 760 521 787 reth
530 769 548 787 a
560 768 575 787 e
593 760 726 796 virginis,
751 757 792 788 13.
815 759 836 788 J
836 760 890 787 ulii
911 756 972 795 [fol.
992 756 1049 787 240
1057 756 1096 795 a].

649 816 756 851 Gaude,
776 818 859 852 virgo
879 816 1016 852 gloriosa.

647 855 683 881 In
703 854 811 881 Christi
830 855 874 880 tui
894 854 997 889 gloria,

648 892 806 919 Mildretha
824 892 1040 926 benignissima..

649 929 750 956 Proles
770 937 870 964 regum
889 929 1059 960 clarissima,

648 966 824 994 Mereiomm
843 967 1008 1001 margarita,

652 1003 824 1031 Cantuariae
844 1011 958 1036 corona,

650 1041 753 1068 Totius
772 1041 897 1077 Angliae
915 1040 1001 1068 stella

650 1078 780 1105 Radia-ns
801 1082 830 1105 et
847 1080 926 1105 trans
946 1079 1047 1110 maria,

650 1115 729 1143 Fave
749 1116 859 1143 eunctis
878 1123 963 1151 prece
982 1116 1040 1150 pia.

272 1208 331 1238 180.
351 1212 472 1239 Monic
480 1219 519 1238 ae
545 1211 666 1245 viduae,
690 1210 718 1238 4.
733 1211 807 1238 Maii
837 1213 866 1237 et
889 1208 914 1238 9.
928 1211 997 1246 Apr.
1023 1207 1084 1246 [fol.
1110 1207 1164 1237 115
1172 1208 1209 1246 a].
1241 1211 1299 1238 Die
1319 1211 1424 1238 beiden
1444 1218 1482 1238 an

194 1248 300 1276 diesem
315 1250 367 1277 Ort
381 1249 572 1285 mitgeteilten
585 1248 728 1284 Strophen
742 1248 878 1275 scheinen
892 1248 959 1276 eher
972 1248 1171 1276 Bruchsfficke
1183 1248 1321 1283 (Sahluss)
1334 1249 1414 1276 einer
1426 1249 1483 1276 mir

192 1287 398 1313 unbekannten
416 1286 548 1321 Sequenz
567 1294 604 1313 zu
622 1288 700 1313 sein:

250 1344 357 1376 Gaude,
377 1346 467 1371 mater
486 1345 586 1370 tantae
603 1343 687 1376 lueis,
920 1343 967 1369 Tu
985 1351 1037 1379 pro
1056 1343 1142 1371 nobis
1161 1343 1256 1371 Deum
1276 1350 1336 1375 ora„

247 1382 411 1416 Augustini,
431 1381 524 1408 nostri
543 1381 633 1413 ducis,
920 1380 962 1407 Ut
981 1383 1109 1408 extrema
1127 1382 1229 1408 mortis
1249 1381 1321 1408 hora

288 1419 422 1446 Doetoris
443 1418 550 1450 eximii,
957 1418 994 1445 In
1017 1420 1110 1445 matre
1130 1418 1275 1445 catholica

249 1457 357 1483 Parens
376 1464 470 1488 earne,
491 1454 541 1483 sed
560 1455 626 1490 plus
645 1454 733 1482 eorde
920 1455 993 1482 Fide
1011 1457 1091 1483 reeta
1108 1455 1161 1483 fixi
1180 1458 1298 1488 stemus,

249 1494 311 1520 Tuo
331 1494 400 1520 fletu
419 1493 487 1520 dum
506 1500 525 1520 a
543 1492 627 1520 sorde
920 1493 996 1520 Nato
1016 1495 1066 1520 tuo
1087 1501 1297 1530 corregnemus,

286 1531 416 1558 Lavatur
435 1531 526 1557 exitii.
959 1529 983 1556 O
1002 1531 1090 1558 beata
1107 1531 1233 1558 Monioa.

271 1612 334 1643 181.
353 1614 542 1651 Monulphi
561 1616 595 1640 et
613 1612 828 1648 Gundulphi
845 1613 980 1647 fratrum,
1001 1616 1203 1650 episcoporum
1220 1623 1256 1642 ae
1275 1616 1482 1648 confessorum,

192 1651 239 1718 116.
262 1653 345 1717 ggii,
375 1649 436 1687 [fol.
461 1648 541 1686 88a].
584 1648 604 1676 Β
630 1648 648 1676 2
672 1650 722 1678 der
748 1649 772 1677 1.
797 1651 880 1679 Noet.
903 1659 955 1679 aus
982 1652 1047 1679 dem
1073 1652 1207 1680 Officium
1232 1653 1318 1680 Anal.
1344 1653 1483 1686 XXVIII,

194 1700 209 1717 L
222 1700 245 1717 1*-
303 1709 310 1715 .

273 1771 334 1802 182.
353 1774 546 1808 Moysetis‚
572 1774 701 1808 episcopi
721 1774 751 1800 et
768 1774 953 1807 confessoris,
974 1773 1000 1801 7.
1020 1774 1104 1802 Febr.
1124 1771 1186 1810 [fol.
1209 1774 1261 1804 137
1267 1772 1305 1812 a].
1345 1776 1424 1804 Zwei
1438 1773 1485 1802 ΑΑ

195 1812 451 1840 unbestimmbarer
470 1810 628 1846 Herkunfb3
648 1810 706 1846 vgl.
727 1811 796 1838 aber
813 1812 913 1839 weiter
933 1813 1008 1840 oben
1026 1813 1078 1840 ΝΥ.
1098 1810 1143 1840 37.

196 1869 230 1895 Α.
254 1869 350 1895 Patris
371 1869 463 1895 saneti
482 1867 624 1901 Moysetis
867 1869 900 1895 A.
925 1867 1020 1902 Salve,
1042 1869 1189 1897 confessor
1208 1870 1316 1905 inclite,

250 1906 420 1933 Memoriam
438 1906 598 1932 recolamus
922 1906 1039 1939 Moyses
1058 1907 1235 1942 beatissime,

250 1944 291 1970 Et
311 1944 414 1970 auxilii
433 1943 525 1970 divim·
925 1942 1052 1971 Caelesti
1070 1944 1185 1980 fulgens
1204 1945 1362 1979 schemate,

251 1981 410 2015 Tamquam
433 1981 495 2008 veri
515 1980 660 2016 peregrini
925 1980 982 2013 Qui
1000 1982 1072 2008 facis
1094 1981 1209 2009 Christo
1231 1984 1377 2011 credulam

251 2019 381 2046 Patriam
400 2020 571 2054 repetamus.
923 2017 1133 2046 Saracenorum
1151 2023 1267 2055 gentem
1287 2029 1429 2057 asperam.

272 2101 334 2131 183.
353 2104 498 2136 Nieetii,
519 2103 647 2139 episcopi
660 2104 840 2130 Trevirensis
853 2102 1025 2139 (depositio),
1047 2102 1073 2131 5.
1087 2104 1157 2132 Dee.
1172 2103 1233 2141 [fol.
1250 2103 1303 2133 116
1311 2104 1350 2142 a].
1383 2107 1488 2136 Aurser

195 2142 274 2168 einer
292 2140 480 2177 prosaischen
498 2140 632 2177 folgende
650 2139 687 2166 A:

656 2198 680 2225 O
699 2197 804 2231 Niceti,
824 2200 907 2234 pater
926 2201 1031 2233 sancte,

654 2235 716 2262 Nos
737 2235 773 2263 ab
792 2236 876 2263 hoste
895 2235 1100 2272 supplantante

653 2272 694 2299 Et
705 2273 741 2300 ab
763 2275 841 2300 omni
862 2276 943 2309 peste
961 2275 1040 2302 mala

655 2310 736 2338 Tuae
755 2313 820 2347 tege
839 2313 933 2347 precis
954 2312 1003 2340 ala

690 2347 732 2376 Et
751 2356 770 2376 a
787 2348 963 2385 pestilentia.
