1655 2534
622 86 882 122 —191-—

95 179 139 213 V.
171 179 196 211 O
222 188 298 212 vere
324 183 375 212 ter
399 184 543 213 sanctum

218 227 399 268 Quaterque
422 227 562 262 beatum.

106 293 127 324 2
140 316 147 324 .
171 292 278 324 Datur
303 294 410 332 porois
433 295 617 334 margarita,

173 338 250 371 Cum
274 343 377 371 morte
401 340 555 373 multatur
577 341 624 372 ita

226 387 425 427 Paganorum
450 388 606 427 manibuS‚

173 433 233 465 Vir
257 434 383 477 beatus,
407 434 478 466 Deo
503 438 624 474 gratuS,

176 479 341 520 Laniatur‚
368 481 548 513 trucidatur

249 528 388 566 Impuris
414 538 433 560 a
458 528 600 561 canibuS.

105 575 146 607 V.
174 574 259 615 Heu,
285 579 383 614 eaput
407 574 494 607 orbis
517 575 663 607 inclitum

182 620 333 653 Efficitur
357 622 582 661 spectaculum.

120 689 154 721 3.
181 686 297 718 Sancte
322 686 423 727 Sixte,
448 691 571 727 martyr
595 686 724 727 Christi,

176 734 242 765 Vas
266 733 420 765 virtutum
443 736 480 764 tu
505 733 605 772 fuisti,

225 780 290 811 Vas
316 780 396 811 lucis
423 782 455 811 et
479 781 611 822 gratiae,

179 827 255 864 Vas,
282 827 367 865 quod
393 827 479 858 Deus
505 825 677 858 fabricavit

177 873 221 905 Et
245 874 281 905 in
305 874 403 905 caelis
428 873 607 911 collocavit,

228 921 293 952 Vas
316 920 490 951 immensae
516 919 654 959 gloriae3

109 968 148 1000 V.
181 968 231 999 Tu
254 974 314 1007 per
337 968 424 998 vitae
448 967 597 1005 poculum

179 1014 346 1045 Debriasti
369 1014 541 1051 saeculum=

229 1061 253 1093 O
281 1060 377 1093 decus
402 1061 564 1092 eeclesiae.

239 1192 287 1223 In
315 1192 346 1224 3.
373 1191 605 1224 Nocturno.

324 1284 519 1320 Antiphonae.

123 1362 154 1394 1.
182 1361 207 1393 Ο
233 1369 326 1400 quam
344 1360 434 1399 mira,
462 1368 555 1399 qnam
571 1359 739 1401 praeclara

230 1407 340 1439 Sancti
365 1406 447 1439 Sixti
473 1406 625 1448 praemia,

181 1454 238 1487 Sic
262 1456 337 1486 sunt
363 1454 434 1485 dira
458 1456 491 1484 et
514 1462 624 1486 amara

226 1501 320 1533 Decii
345 1500 514 1541 supplicia.

121 1571 153 1602 2.
177 1567 298 1600 Pausat
325 1567 418 1598 miles
443 1569 589 1598 strenuus

231 1615 270 1647 In
294 1623 393 1654 regno
419 1614 622 1655 sempiterno,

183 1661 307 1694 Stridet
332 1661 450 1693 Caesar
474 1661 590 1700 impius

228 1708 358 1740 Ardens
384 1708 417 1740 in
442 1707 578 1740 inferno.

122 1777 154 1809 3.
185 1775 275 1807 Iusta
299 1773 489 1814 indignatio,

229 1821 321 1861 Quod
346 1823 449 1853 tortor
475 1821 643 1860 cruciatur,

183 1868 236 1901 Sic
261 1867 340 1900 felix
366 1868 509 1909 mutatio,

235 1915 326 1955 Quod
352 1918 455 1948 tortus
481 1916 672 1948 consolatur.

321 2028 529 2064 Responsoria.

128 2108 159 2141 1.
185 2106 302 2139 Martis
327 2105 449 2145 aedem,
474 2106 570 2138 immo
596 2106 705 2137 sedem

231 2153 368 2185 Satanae
394 2153 561 2193 destruxit,

186 2201 224 2233 In
250 2208 311 2240 quo
332 2199 418 2240 vide,
445 2200 530 2239 quod
552 2201 588 2232 in
611 2199 677 2232 fide

237 2248 334 2280 Velut
358 2248 446 2279 sidus
470 2248 563 2288 luxit,

113 2297 154 2330 V.
187 2294 348 2326 Virtutum
371 2293 465 2327 flores
493 2299 524 2326 et
549 2295 670 2327 colores

232 2342 284 2374 De
306 2340 397 2373 fonte
420 2342 506 2374 vitae
531 2342 626 2376 suxit.

800 185 832 217 2.
857 183 942 215 Ante
967 180 1027 213 Dei
1051 179 1151 212 filium

855 228 1002 261 Florebit
1025 227 1107 258 sieut
1130 227 1230 259 lilium

904 275 1048 308 Iustitiae
1073 279 1204 313 amator,

857 322 946 355 Dans
970 329 1046 353 suae
1067 320 1207 352 familiae

857 369 1041 402 Mensuram
1066 368 1100 399 in
1123 371 1267 406 tempore

904 416 950 448 Ut
973 415 1112 455 prudens
1139 414 1351 453 dispensator.

787 465 826 498 V.
859 464 952 503 Vere,
980 462 1079 502 Sixte,
1105 465 1139 492 tu
1165 469 1197 492 es
1220 461 1291 501 iste,

860 510 920 548 Qui
945 511 1058 540 cuneta
1081 507 1222 540 tribuisti

857 557 920 590 Pro
945 564 1051 588 amore
1077 555 1206 588 Christi.

802 625 834 657 3.
861 622 984 655 Grandi
1008 621 1175 661 privilegio

907 668 1014 701 Sixtus
1040 668 1217 706 decoratur,

859 716 909 749 De
933 724 994 754 quo
1020 715 1099 745 caeli
1123 714 1210 753 regio

910 762 1054 793 Vernaus
1079 762 1267 800 illustratur,

860 809 924 842 Per
946 811 988 847 te,
1016 807 1114 847 Sixte,
1140 808 1340 846 LaurentiuS,

859 855 986 894 Martyr
1010 855 1292 896 praeclarisslmus‚

912 900 1036 932 Christo
1063 901 1256 939 destinatum

790 949 830 983 V.
863 948 888 981 O
912 950 1047 986 patrone
1071 946 1158 978 Sixte
1183 946 1274 986 bone,

860 994 975 1027 Funde
998 1001 1109 1033 preces
1134 1002 1192 1032 pro
1221 993 1334 1025 devoto

911 1040 985 1072 Tibi
1008 1049 1092 1072 nuno
1118 1040 1260 1077 collegio.

954 1202 1000 1232 In
1023 1199 1254 1234 Laudibus,

1005 1292 1131 1328 Antipha
1137 1300 1199 1320 nae.

808 1371 839 1403 1.
865 1369 924 1400 Vir
948 1369 1058 1401 beatus
1083 1377 1208 1400 rursum
1232 1372 1324 1400 natus

914 1416 1041 1448 Gaudet
1064 1416 1098 1447 in
1124 1416 1215 1447 domo
1240 1415 1312 1456 Dei,

865 1462 1017 1503 Cernens,
1031 1466 1131 1494 totum
1141 1462 1224 1502 quod
1236 1463 1291 1494 dat
1298 1465 1418 1494 motum

913 1510 1091 1543 Universae
1115 1511 1171 1543 rei.

807 1579 838 1611 2.
865 1576 1015 1609 Introivit
1037 1576 1133 1607 hodie

913 1624 1002 1663 Papa
1025 1622 1239 1655 Romanorum

866 1670 911 1703 Et
933 1671 1022 1710 pugil
1047 1671 1200 1702 ecelesiae

913 1718 951 1750 In
976 1720 1087 1749 sancta
1111 1720 1300 1750 sanctorum.

810 1786 842 1819 3,
863 1784 954 1824 Quod
975 1784 1077 1816 sitivit
1100 1784 1154 1815 hio
1175 1783 1209 1815 in
1234 1784 1287 1815 via

915 1831 1048 1863 Athleta
1071 1831 1237 1869 mirabilis,

867 1879 998 1918 Quaerit
1021 1888 1115 1910 manu
1139 1882 1240 1910 morte
1263 1879 1327 1920 pia,

914 1926 976 1957 Est
1000 1935 1074 1965 ergo
1100 1925 1282 1959 laudabilis

810 1994 843 2027 4.
870 1992 895 2025 Ο
921 1996 1044 2025 amator
1067 1993 1235 2030 hominum,

917 2039 1018 2079 Sixte,
1043 2039 1106 2071 Dei
1131 2047 1214 2078 care,

868 2086 971 2119 Prece
994 2087 1089 2127 placa
1112 2086 1292 2128 Dominum,

916 2134 1004 2165 Bene
1028 2134 1113 2166 nosti
1138 2142 1245 2174 quare,

812 2203 844 2235 5.
871 2198 1016 2232 Laudate
1039 2209 1147 2240 regem
1172 2201 1301 2241 gloriae,

918 2247 978 2286 Qui
1002 2246 1108 2280 aufert
1131 2257 1207 2280 auro
1232 2249 1377 2287 seoriam,

871 2294 948 2328 Cum
973 2304 1031 2334 per
1055 2296 1193 2335 palmam
1216 2296 1369 2328 victoriae

919 2342 1008 2375 Sixto
1034 2342 1158 2375 confert
1185 2343 1330 2383 gioriam.
