1655 2534
717 122 972 156 —252—

272 218 342 250 Hoc
365 218 510 250 convenit
533 217 689 260 fidelibus,
1011 217 1057 248 In
1084 218 1114 249 2.
1141 215 1278 255 Vespe
1289 215 1360 247 ris.

272 265 325 298 Sic
348 264 381 295 in
406 264 506 297 beatis
531 265 673 297 omnibus
1059 279 1103 307 Ad
1121 278 1302 315 Magnificat.

314 312 392 343 Ideo
415 311 540 343 landem
566 311 649 343 date·
870 329 911 362 A.
940 328 1034 361 Miris
1061 327 1129 359 dies
1154 328 1232 359 haec
1257 330 1397 370 ornatur,

941 375 1022 407 Nam
1047 372 1105 407 flos
1128 374 1219 406 albus
1243 376 1439 415 purpurat-ur

382 403 428 431 Ad
447 403 629 431 Benedictus.
985 423 1023 454 In
1049 421 1166 454 Christi
1189 422 1322 463 rosario,

201 469 239 500 A.
271 470 296 501 O
321 469 408 508 virgo
434 469 578 519 prudens,
598 469 725 507 Ursule„
940 470 1100 508 Fragrans
1125 468 1204 500 odor
1229 467 1425 509 exsufflatur,

269 515 355 546 Luce
379 515 572 554 perfundens
597 515 722 548 saecula
941 516 1008 555 Quo
1034 515 1179 546 iuventus
1201 514 1360 548 adunatur

315 561 475 600 Supernae
500 561 663 603 claritatis,
986 561 1066 601 Regi
1091 570 1185 593 cursu
1206 563 1306 602 var10,

267 608 327 639 Tui
351 608 457 639 odoris
482 609 624 640 normula
942 608 1041 640 Sexus
1068 608 1186 648 duplex
1212 611 1419 640 consecratur

266 655 343 686 Post
366 656 398 684 te
422 654 547 686 traxisti
571 655 699 686 vascula
941 655 1047 694 Atque
1071 663 1146 687 vere
1167 658 1336 687 coronatur

314 701 461 733 lnternae
482 701 642 743 puritatis,
988 702 1132 742 Utroque
1156 703 1318 743 martyrio,

269 748 320 779 Ab
344 756 408 778 ima
433 748 494 779 duc
517 756 584 791 nos,
610 748 738 788 Ursum,
941 748 995 781 Sic
1020 757 1088 780 cum
1114 749 1179 781 suis
1203 749 1365 781 laureatur

266 795 319 826 Ad
343 802 463 826 summa
486 794 690 827 tabernacula
941 796 991 827 Ac
1013 796 1131 828 Ursula
1154 797 1349 836 praemiatur

315 842 471 873 Aeternae
496 841 632 875 deitatis.
985 842 1140 874 Immenso
1167 843 1306 875 denario.

277 906 360 933 Brev.
386 913 439 933 me.
465 906 690 933 aneiseanum
717 913 792 933 saec.
818 904 862 933 15.
903 905 971 933 Ood.
999 907 1114 934 Parisin
1133 904 1197 933 760.
1217 906 1252 934 A.
1272 922 1310 926 —
1329 908 1413 933 Brev.
1436 916 1490 935 ms.

200 942 425 969 Franciseanum
445 951 519 970 saec.
542 940 585 969 15.
626 942 695 970 cod.
715 943 835 971 Roman.
858 940 930 970 1476
949 942 1070 978 (Sessor.
1092 942 1145 978 69).
1167 944 1199 971 Β.
1219 959 1257 964 ——
1276 944 1317 971 In
1339 943 1363 971 1.
1382 944 1490 981 Vesp.

201 979 219 1004 A
241 977 266 1013 1,
288 978 302 1006 1
329 983 459 1007 saeratae
483 979 610 1007 Ursulae
636 981 668 1007 B.
695 994 730 999 —
758 981 776 1006 A
797 978 822 1014 2,
843 978 861 1007 3
880 980 947 1007 Hoc
967 980 1081 1008 Christo
1102 982 1142 1014 A,
1169 981 1236 1008 Hae
1263 981 1378 1009 Christo
1399 982 1432 1010 B.
1453 997 1490 1001 -—-

200 1015 218 1041 A
239 1014 265 1049 2,
286 1015 303 1043 5
324 1016 437 1051 perfuse
457 1016 491 1050 A,
512 1016 636 1050 perfusis
655 1017 806 1046 umbribus
829 1018 862 1044 B.
884 1031 919 1036 ——
941 1018 959 1044 A
979 1016 1007 1051 4,
1028 1016 1043 1044 1
1064 1019 1172 1045 militia
1194 1019 1226 1046 B.
1245 1034 1285 1038 —
1304 1019 1323 1045 A
1345 1018 1371 1053 5,
1388 1017 1403 1045 1
1423 1021 1487 1047 Bri-

197 1055 319 1080 tamicus
339 1053 372 1079 Β.
392 1067 428 1072 —·-
449 1053 467 1079 A
488 1053 514 1088 5,
534 1051 553 1080 4
571 1056 605 1081 ut
623 1054 695 1081 fehlt
714 1055 746 1081 B.
764 1071 770 1075 -
819 1055 862 1082 In
884 1052 907 1081 1.
927 1056 1028 1083 Noct.
1051 1055 1070 1080 Α
1090 1054 1116 1090 3,
1137 1054 1156 1082 4
1175 1058 1356 1092 proregentis
1376 1057 1435 1084 AB.
1450 1073 1489 1077 —

198 1088 217 1114 Β
238 1087 263 1122 3,
286 1088 300 1116 1
321 1089 421 1117 divino
442 1091 475 1117 B.
496 1105 532 1110 —
553 1088 574 1115 Β
595 1089 621 1124 3,
643 1089 661 1119 3
681 1092 793 1119 factura
810 1092 843 1119 B.
864 1106 900 1111 —-
927 1090 947 1118 Β
975 1090 1001 1126 3,
1021 1091 1041 1119 4
1065 1093 1240 1129 perfundant
1267 1095 1300 1121 B.
1321 1108 1359 1112 —
1380 1091 1401 1119 Β
1422 1093 1449 1128 3,
1470 1093 1488 1123 8

196 1134 309 1197 {³5¹²}
311 1127 433 1191 sgssssu'?
442 1128 551 1192 0311ssss
566 1125 761 1194 ῗᾼῃῗθίἓῖαηῗ
784 1127 903 1194 {4153}
922 1138 1109 1199 {awa}
1130 1128 1239 1203 3)ῑῖἰὲ
1259 1131 1438 1197 ἱῗῗῑᾝὲ·
1453 1148 1490 1189 Ξ

198 1198 220 1227 Β
241 1198 267 1235 3,
288 1199 306 1228 8
326 1210 381 1236 que
400 1201 472 1229 fehlt
488 1202 524 1229 A.
546 1218 582 1223 —
601 1204 642 1230 In
661 1201 688 1231 3.
707 1204 807 1232 Noct.
828 1204 1002 1232 honoremus
1021 1204 1055 1231 Β.
1078 1219 1115 1224 -
1134 1205 1153 1231 A
1173 1203 1200 1238 3,
1214 1203 1234 1232 3
1253 1206 1294 1234 Et
1309 1215 1328 1233 a
1347 1206 1403 1235 celi
1423 1216 1489 1235 cum

198 1239 311 1266 civibus
331 1239 370 1272 A;
395 1238 437 1266 Et
460 1248 478 1266 a
507 1239 576 1267 celis
597 1241 764 1269 concivibus
784 1242 817 1269 B.
896 1239 916 1268 Β
940 1240 964 1276 1,
987 1240 1001 1269 1
1022 1242 1152 1277 liquente
1171 1242 1205 1269 A.
1225 1259 1262 1264 —-
1284 1242 1305 1270 Β
1326 1242 1353 1278 2,
1374 1242 1392 1270 2
1411 1246 1490 1272 versi

196 1274 296 1303 belles.
317 1290 353 1295 ——
372 1276 413 1303 In
433 1277 542 1304 Laud.
563 1277 581 1304 A
602 1276 628 1313 3,
649 1276 667 1305 3
686 1279 791 1306 Huriis
810 1279 843 1306 B.

640 1377 686 1408 92.
718 1377 760 1408 De
781 1378 892 1408 sancta
914 1377 1034 1409 Ursula.

332 1445 377 1476 In
399 1444 429 1477 1.
455 1444 668 1483 Vesperis.
936 1448 1091 1480 Mundum
1114 1449 1215 1480 vincit
1236 1449 1394 1491 fragilitas

984 1494 1074 1526 Dono
1098 1494 1224 1528 firmata
1248 1498 1378 1537 gratiae,

934 1541 1103 1574 Tormenta
1127 1543 1212 1574 ridet
1236 1544 1364 1576 castitas

198 1574 237 1605 A·
269 1573 486 1605 COllaUdemUS
982 1588 1100 1619 Amore
1123 1589 1305 1628 pudicitiae,

377 1516 470 1552 Super
491 1517 632 1546 Psalmos.

310 1629 344 1671 in
367 1621 573 1672 sexu-fragm
934 1632 989 1665 Sic
1006 1634 1066 1672 via,
1092 1636 1168 1677 vita,
1195 1637 1312 1669 veritas

264 1666 475 1718 Triumphahs
523 1714 530 1720 ι
981 1680 1041 1712 His
1066 1682 1182 1714 stolam
1207 1683 1331 1716 confert
1350 1685 1482 1725 gloriae.

311 1714 431 1751 gratiae
453 1715 609 1756 meritum,

263 1758 454 1791 Veneremur

310 1804 427 1837 infirmi
452 1806 570 1838 vasoufi
993 1803 1055 1834 Ad
1083 1805 1352 1840 Matutinum.

263 1851 340 1883 Tam
366 1854 537 1884 constantis

306 1898 432 1930 virtutis
458 1900 591 1931 exitum·
1064 1877 1279 1908 Invitatorium.

264 1945 373 1977 Ortum
397 1944 453 1977 fini
585 1926 592 1941 ⁷
935 1935 1068 1975 Agnum‚
1094 1944 1243 1975 sponsum
1268 1938 1435 1981 virginum,

305 1992 436 2032 iungunt
458 1993 605 2034 mirabili,
978 1980 1092 2013 omnes
1116 1982 1295 2024 adoremus’

258 2038 341 2069 Dum
365 2040 524 2079 affingunt
928 2025 1034 2066 Spem,
1061 2029 1156 2060 decus
1182 2030 1345 2062 humilium

305 2085 422 2125 gloriae
445 2086 612 2119 terminum
978 2073 1092 2106 Omnes
1119 2076 1344 2110 collaudemus

259 2130 487 2171 Consequentes

304 2187 452 2217 sponsum
477 2182 509 2211 et
531 2180 708 2214 Dominum.
987 2186 1033 2217 In
1059 2187 1090 2220 1.
1113 2187 1145 2219 N
1156 2192 1345 2225 octurno.

376 2252 422 2280 Ad
440 2254 617 2289 Magnificat.
1069 2261 1263 2298 Antiphonae.

187 2309 228 2339 A.
258 2308 282 2340 O
308 2309 495 2342 admiranda
518 2313 641 2345 novitas
871 2316 902 2351 1.
927 2317 1066 2349 Pulchra
1088 2322 1259 2360 generatio,

303 2356 466 2390 Inauditae
490 2360 693 2402 constantiae,
974 2364 1079 2407 Casta,
1106 2371 1225 2411 sancta,
1249 2380 1340 2415 pura,
