<?xml version="1.0" encoding="UTF-8"?>
<!DOCTYPE html PUBLIC "-//W3C//DTD XHTML 1.0 Transitional//EN"
    "http://www.w3.org/TR/xhtml1/DTD/xhtml1-transitional.dtd">
<html xmlns="http://www.w3.org/1999/xhtml" xml:lang="en" lang="en">
 <head>
  <title>
</title>
<meta http-equiv="Content-Type" content="text/html;charset=utf-8" />
  <meta name='ocr-system' content='tesseract 3.04.00' />
  <meta name='ocr-capabilities' content='ocr_page ocr_carea ocr_par ocr_line ocrx_word'/>
</head>
<body>
  <div class='ocr_page' id='page_1' title='image "./analectahymnica28drevuoft_00115.png"; bbox 0 0 1655 2534; ppageno 0'>
   <div class='ocr_carea' id='block_1_1' title="bbox 770 148 1028 183">
    <p class='ocr_par' dir='ltr' id='par_1_1' title="bbox 770 148 1028 183">
     <span class='ocr_line' id='line_1_1' title="bbox 770 148 1028 183; baseline 0 0"><span class='ocrx_word' id='word_1_1' title='bbox 770 148 1028 183; x_wconf 78' lang='lat'>-112—</span> 
     </span>
    </p>
   </div>
   <div class='ocr_carea' id='block_1_2' title="bbox 263 243 874 325">
    <p class='ocr_par' dir='ltr' id='par_1_2' title="bbox 263 243 874 325">
     <span class='ocr_line' id='line_1_2' title="bbox 263 243 874 282; baseline -0.003 -5"><span class='ocrx_word' id='word_1_2' title='bbox 263 246 301 279; x_wconf 82' lang='lat' dir='ltr'>V.</span> <span class='ocrx_word' id='word_1_3' title='bbox 331 245 495 279; x_wconf 72' lang='lat' dir='ltr'><em>Gloriosus</em></span> <span class='ocrx_word' id='word_1_4' title='bbox 511 246 601 279; x_wconf 75' lang='lat' dir='ltr'>Deus</span> <span class='ocrx_word' id='word_1_5' title='bbox 615 245 652 277; x_wconf 65' lang='lat' dir='ltr'>in</span> <span class='ocrx_word' id='word_1_6' title='bbox 664 244 784 278; x_wconf 71' lang='lat' dir='ltr'>sanctis</span> <span class='ocrx_word' id='word_1_7' title='bbox 796 243 874 282; x_wconf 74' lang='lat' dir='ltr'>suis,</span> 
     </span>
     <span class='ocr_line' id='line_1_3' title="bbox 331 292 830 325; baseline -0.004 -1"><span class='ocrx_word' id='word_1_8' title='bbox 331 293 491 325; x_wconf 70' lang='lat' dir='ltr'>mirabilis</span> <span class='ocrx_word' id='word_1_9' title='bbox 516 293 549 325; x_wconf 74' lang='lat' dir='ltr'>in</span> <span class='ocrx_word' id='word_1_10' title='bbox 575 292 737 325; x_wconf 72' lang='lat' dir='ltr'>maiestate</span> <span class='ocrx_word' id='word_1_11' title='bbox 759 300 830 323; x_wconf 75' lang='lat' dir='ltr'>sua.</span> 
     </span>
    </p>
   </div>
   <div class='ocr_carea' id='block_1_3' title="bbox 257 349 873 796">
    <p class='ocr_par' dir='ltr' id='par_1_3' title="bbox 257 349 873 796">
     <span class='ocr_line' id='line_1_4' title="bbox 274 349 619 386; baseline -0.003 -6"><span class='ocrx_word' id='word_1_12' title='bbox 274 349 306 381; x_wconf 83' lang='lat'>3.</span> <span class='ocrx_word' id='word_1_13' title='bbox 331 349 390 380; x_wconf 82' lang='lat' dir='ltr'>Isti</span> <span class='ocrx_word' id='word_1_14' title='bbox 413 352 487 380; x_wconf 81' lang='lat' dir='ltr'>sunt</span> <span class='ocrx_word' id='word_1_15' title='bbox 509 349 619 386; x_wconf 82' lang='lat' dir='ltr'>sancti,</span> 
     </span>
     <span class='ocr_line' id='line_1_5' title="bbox 376 394 787 435; baseline -0.01 -8"><span class='ocrx_word' id='word_1_16' title='bbox 376 396 477 428; x_wconf 83' lang='lat' dir='ltr'>nostri</span> <span class='ocrx_word' id='word_1_17' title='bbox 500 394 618 435; x_wconf 86' lang='lat' dir='ltr'>fidique</span> <span class='ocrx_word' id='word_1_18' title='bbox 640 395 787 433; x_wconf 80' lang='lat' dir='ltr'>parentes</span> 
     </span>
     <span class='ocr_line' id='line_1_6' title="bbox 333 442 720 481; baseline -0.008 -8"><span class='ocrx_word' id='word_1_19' title='bbox 333 442 395 473; x_wconf 84' lang='lat' dir='ltr'>Pro</span> <span class='ocrx_word' id='word_1_20' title='bbox 420 442 586 481; x_wconf 90' lang='lat' dir='ltr'>vernisque</span> <span class='ocrx_word' id='word_1_21' title='bbox 609 448 720 481; x_wconf 80' lang='lat' dir='ltr'>preces</span> 
     </span>
     <span class='ocr_line' id='line_1_7' title="bbox 375 486 873 527; baseline -0.012 -8"><span class='ocrx_word' id='word_1_22' title='bbox 375 488 526 519; x_wconf 76' lang='lat' dir='ltr'>adhibent</span> <span class='ocrx_word' id='word_1_23' title='bbox 551 488 625 527; x_wconf 84' lang='lat' dir='ltr'>tibi,</span> <span class='ocrx_word' id='word_1_24' title='bbox 652 486 790 523; x_wconf 80' lang='lat' dir='ltr'>Christe,</span> <span class='ocrx_word' id='word_1_25' title='bbox 816 491 873 524; x_wconf 82' lang='lat' dir='ltr'>pe-</span> 
     </span>
     <span class='ocr_line' id='line_1_8' title="bbox 649 540 773 569; baseline -0.016 -5"><span class='ocrx_word' id='word_1_26' title='bbox 649 540 773 569; x_wconf 89' lang='lat' dir='ltr'>rennes,</span> 
     </span>
     <span class='ocr_line' id='line_1_9' title="bbox 331 579 730 619; baseline -0.005 -8"><span class='ocrx_word' id='word_1_27' title='bbox 331 580 381 611; x_wconf 82' lang='lat' dir='ltr'>Ne</span> <span class='ocrx_word' id='word_1_28' title='bbox 403 582 467 612; x_wconf 86' lang='lat' dir='ltr'>sint</span> <span class='ocrx_word' id='word_1_29' title='bbox 489 580 610 619; x_wconf 85' lang='lat' dir='ltr'>praeda</span> <span class='ocrx_word' id='word_1_30' title='bbox 629 579 730 616; x_wconf 83' lang='lat' dir='ltr'>malis,</span> 
     </span>
     <span class='ocr_line' id='line_1_10' title="bbox 373 624 869 658; baseline -0.006 0"><span class='ocrx_word' id='word_1_31' title='bbox 373 629 442 658; x_wconf 80' lang='lat' dir='ltr'>tuta</span> <span class='ocrx_word' id='word_1_32' title='bbox 462 627 546 658; x_wconf 80' lang='lat' dir='ltr'>inter</span> <span class='ocrx_word' id='word_1_33' title='bbox 571 624 700 656; x_wconf 83' lang='lat' dir='ltr'>brachia</span> <span class='ocrx_word' id='word_1_34' title='bbox 721 624 869 655; x_wconf 83' lang='lat' dir='ltr'>condunt.</span> 
     </span>
     <span class='ocr_line' id='line_1_11' title="bbox 257 669 872 713; baseline -0.01 -8"><span class='ocrx_word' id='word_1_35' title='bbox 257 674 295 706; x_wconf 87' lang='lat' dir='ltr'>V.</span> <span class='ocrx_word' id='word_1_36' title='bbox 326 673 485 713; x_wconf 71' lang='lat' dir='ltr'>Quoniam</span> <span class='ocrx_word' id='word_1_37' title='bbox 491 671 687 711; x_wconf 70' lang='lat' dir='ltr'>placuerant</span> <span class='ocrx_word' id='word_1_38' title='bbox 697 669 795 702; x_wconf 69' lang='lat' dir='ltr'>servis</span> <span class='ocrx_word' id='word_1_39' title='bbox 806 669 872 701; x_wconf 77' lang='lat' dir='ltr'>tuis</span> 
     </span>
     <span class='ocr_line' id='line_1_12' title="bbox 328 716 872 758; baseline -0.006 -9"><span class='ocrx_word' id='word_1_40' title='bbox 328 716 449 758; x_wconf 68' lang='lat' dir='ltr'>lapides</span> <span class='ocrx_word' id='word_1_41' title='bbox 486 718 564 757; x_wconf 73' lang='lat' dir='ltr'>eius,</span> <span class='ocrx_word' id='word_1_42' title='bbox 601 718 630 748; x_wconf 73' lang='lat' dir='ltr'>et</span> <span class='ocrx_word' id='word_1_43' title='bbox 663 718 768 748; x_wconf 77' lang='lat' dir='ltr'>terrac</span> <span class='ocrx_word' id='word_1_44' title='bbox 805 716 872 747; x_wconf 76' lang='lat' dir='ltr'>eius</span> 
     </span>
     <span class='ocr_line' id='line_1_13' title="bbox 323 765 564 796; baseline -0.004 -1"><span class='ocrx_word' id='word_1_45' title='bbox 323 765 564 796; x_wconf 66' lang='lat' dir='ltr'>miserebuntur.</span> 
     </span>
    </p>
   </div>
   <div class='ocr_carea' id='block_1_4' title="bbox 412 903 712 937">
    <p class='ocr_par' dir='ltr' id='par_1_4' title="bbox 412 903 712 937">
     <span class='ocr_line' id='line_1_14' title="bbox 412 903 712 937; baseline -0.007 0"><span class='ocrx_word' id='word_1_46' title='bbox 412 905 458 937; x_wconf 86' lang='lat' dir='ltr'>In</span> <span class='ocrx_word' id='word_1_47' title='bbox 482 903 712 936; x_wconf 80' lang='lat' dir='ltr'>Laudibus.</span> 
     </span>
    </p>
   </div>
   <div class='ocr_carea' id='block_1_5' title="bbox 464 987 657 1023">
    <p class='ocr_par' dir='ltr' id='par_1_5' title="bbox 464 987 657 1023">
     <span class='ocr_line' id='line_1_15' title="bbox 464 987 657 1023; baseline 0.005 -10"><span class='ocrx_word' id='word_1_48' title='bbox 464 987 657 1023; x_wconf 76' lang='lat' dir='ltr'>Anfiphonae.</span> 
     </span>
    </p>
   </div>
   <div class='ocr_carea' id='block_1_6' title="bbox 270 1044 817 1223">
    <p class='ocr_par' dir='ltr' id='par_1_6' title="bbox 270 1044 817 1223">
     <span class='ocr_line' id='line_1_16' title="bbox 270 1044 646 1076; baseline -0.003 0"><span class='ocrx_word' id='word_1_49' title='bbox 270 1045 301 1076; x_wconf 88' lang='lat'>1.</span> <span class='ocrx_word' id='word_1_50' title='bbox 326 1044 410 1076; x_wconf 81' lang='lat' dir='ltr'>Vera</span> <span class='ocrx_word' id='word_1_51' title='bbox 434 1047 467 1075; x_wconf 79' lang='lat' dir='ltr'>et</span> <span class='ocrx_word' id='word_1_52' title='bbox 486 1044 646 1076; x_wconf 84' lang='lat' dir='ltr'>credenda</span> 
     </span>
     <span class='ocr_line' id='line_1_17' title="bbox 373 1091 774 1130; baseline 0.002 -9"><span class='ocrx_word' id='word_1_53' title='bbox 373 1093 446 1122; x_wconf 84' lang='lat' dir='ltr'>sunt.</span> <span class='ocrx_word' id='word_1_54' title='bbox 469 1091 647 1123; x_wconf 83' lang='lat' dir='ltr'>testimonia</span> <span class='ocrx_word' id='word_1_55' title='bbox 673 1099 774 1130; x_wconf 80' lang='lat' dir='ltr'>sacra,</span> 
     </span>
     <span class='ocr_line' id='line_1_18' title="bbox 325 1137 733 1177; baseline 0 -9"><span class='ocrx_word' id='word_1_56' title='bbox 325 1138 410 1177; x_wconf 82' lang='lat' dir='ltr'>Quae</span> <span class='ocrx_word' id='word_1_57' title='bbox 432 1137 599 1176; x_wconf 79' lang='lat' dir='ltr'>perhibent</span> <span class='ocrx_word' id='word_1_58' title='bbox 622 1138 733 1177; x_wconf 83' lang='lat' dir='ltr'>sancti,</span> 
     </span>
     <span class='ocr_line' id='line_1_19' title="bbox 371 1184 817 1223; baseline 0.004 -9"><span class='ocrx_word' id='word_1_59' title='bbox 371 1186 504 1223; x_wconf 82' lang='lat' dir='ltr'>suntque</span> <span class='ocrx_word' id='word_1_60' title='bbox 532 1185 691 1216; x_wconf 83' lang='lat' dir='ltr'>credenda</span> <span class='ocrx_word' id='word_1_61' title='bbox 712 1184 817 1216; x_wconf 82' lang='lat' dir='ltr'>nimis.</span> 
     </span>
    </p>
   </div>
   <div class='ocr_carea' id='block_1_7' title="bbox 273 1239 811 1420">
    <p class='ocr_par' dir='ltr' id='par_1_7' title="bbox 273 1239 811 1420">
     <span class='ocr_line' id='line_1_20' title="bbox 273 1239 649 1279; baseline -0.003 -7"><span class='ocrx_word' id='word_1_62' title='bbox 273 1241 304 1272; x_wconf 88' lang='lat'>2.</span> <span class='ocrx_word' id='word_1_63' title='bbox 329 1241 393 1272; x_wconf 88' lang='lat' dir='ltr'>Vos</span> <span class='ocrx_word' id='word_1_64' title='bbox 416 1239 548 1271; x_wconf 81' lang='lat' dir='ltr'>iubilate</span> <span class='ocrx_word' id='word_1_65' title='bbox 570 1239 649 1279; x_wconf 90' lang='lat' dir='ltr'>Deo,</span> 
     </span>
     <span class='ocr_line' id='line_1_21' title="bbox 372 1287 811 1330; baseline 0.002 -12"><span class='ocrx_word' id='word_1_66' title='bbox 372 1287 424 1326; x_wconf 86' lang='lat' dir='ltr'>qui</span> <span class='ocrx_word' id='word_1_67' title='bbox 448 1290 550 1318; x_wconf 86' lang='lat' dir='ltr'>terras</span> <span class='ocrx_word' id='word_1_68' title='bbox 575 1287 628 1317; x_wconf 84' lang='lat' dir='ltr'>hic</span> <span class='ocrx_word' id='word_1_69' title='bbox 651 1287 811 1330; x_wconf 80' lang='lat' dir='ltr'>habitatis,</span> 
     </span>
     <span class='ocr_line' id='line_1_22' title="bbox 324 1333 566 1374; baseline 0.004 -10"><span class='ocrx_word' id='word_1_70' title='bbox 324 1333 416 1365; x_wconf 85' lang='lat' dir='ltr'>Laeti</span> <span class='ocrx_word' id='word_1_71' title='bbox 440 1333 566 1374; x_wconf 81' lang='lat' dir='ltr'>servite,</span> 
     </span>
     <span class='ocr_line' id='line_1_23' title="bbox 371 1380 651 1420; baseline 0.004 -9"><span class='ocrx_word' id='word_1_72' title='bbox 371 1380 472 1420; x_wconf 82' lang='lat' dir='ltr'>gloria</span> <span class='ocrx_word' id='word_1_73' title='bbox 498 1380 588 1411; x_wconf 81' lang='lat' dir='ltr'>detur</span> <span class='ocrx_word' id='word_1_74' title='bbox 613 1380 651 1413; x_wconf 78' lang='lat' dir='ltr'>ei.</span> 
     </span>
    </p>
   </div>
   <div class='ocr_carea' id='block_1_8' title="bbox 267 1435 867 1715">
    <p class='ocr_par' dir='ltr' id='par_1_8' title="bbox 267 1435 867 1715">
     <span class='ocr_line' id='line_1_24' title="bbox 267 1435 808 1476; baseline -0.002 -8"><span class='ocrx_word' id='word_1_75' title='bbox 267 1438 298 1469; x_wconf 84' lang='lat'>3.</span> <span class='ocrx_word' id='word_1_76' title='bbox 325 1435 513 1475; x_wconf 71' lang='lat' dir='ltr'>Obsequium</span> <span class='ocrx_word' id='word_1_77' title='bbox 537 1437 590 1476; x_wconf 92' lang='lat' dir='ltr'>qui</span> <span class='ocrx_word' id='word_1_78' title='bbox 614 1436 808 1476; x_wconf 71' lang='lat' dir='ltr'>persolvunt,</span> 
     </span>
     <span class='ocr_line' id='line_1_25' title="bbox 371 1482 699 1521; baseline 0 -8"><span class='ocrx_word' id='word_1_79' title='bbox 371 1482 404 1513; x_wconf 90' lang='lat' dir='ltr'>hi</span> <span class='ocrx_word' id='word_1_80' title='bbox 426 1482 521 1513; x_wconf 82' lang='lat' dir='ltr'>laude</span> <span class='ocrx_word' id='word_1_81' title='bbox 545 1482 699 1521; x_wconf 74' lang='lat' dir='ltr'>fruentur,</span> 
     </span>
     <span class='ocr_line' id='line_1_26' title="bbox 326 1528 722 1568; baseline 0 -9"><span class='ocrx_word' id='word_1_82' title='bbox 326 1528 396 1560; x_wconf 70' lang='lat' dir='ltr'>Nec</span> <span class='ocrx_word' id='word_1_83' title='bbox 416 1528 536 1567; x_wconf 83' lang='lat' dir='ltr'>poterit</span> <span class='ocrx_word' id='word_1_84' title='bbox 559 1529 722 1568; x_wconf 79' lang='lat' dir='ltr'>quisquam</span> 
     </span>
     <span class='ocr_line' id='line_1_27' title="bbox 370 1575 750 1614; baseline 0.003 -9"><span class='ocrx_word' id='word_1_85' title='bbox 370 1577 446 1606; x_wconf 79' lang='lat' dir='ltr'>tune</span> <span class='ocrx_word' id='word_1_86' title='bbox 469 1575 632 1606; x_wconf 81' lang='lat' dir='ltr'>reticenda</span> <span class='ocrx_word' id='word_1_87' title='bbox 654 1575 750 1614; x_wconf 87' lang='lat' dir='ltr'>loqui.</span> 
     </span>
     <span class='ocr_line' id='line_1_28' title="bbox 267 1629 685 1668; baseline -0.002 -6"><span class='ocrx_word' id='word_1_88' title='bbox 267 1632 300 1662; x_wconf 84' lang='lat'>4.</span> <span class='ocrx_word' id='word_1_89' title='bbox 325 1629 479 1668; x_wconf 84' lang='lat' dir='ltr'>Hincque‚</span> <span class='ocrx_word' id='word_1_90' title='bbox 506 1630 685 1661; x_wconf 77' lang='lat' dir='ltr'>sacerdotes</span> 
     </span>
     <span class='ocr_line' id='line_1_29' title="bbox 370 1676 867 1715; baseline 0.004 -9"><span class='ocrx_word' id='word_1_91' title='bbox 370 1676 454 1706; x_wconf 74' lang='lat' dir='ltr'>servi</span> <span class='ocrx_word' id='word_1_92' title='bbox 470 1678 510 1713; x_wconf 84' lang='lat' dir='ltr'>et,</span> <span class='ocrx_word' id='word_1_93' title='bbox 537 1676 714 1707; x_wconf 72' lang='lat' dir='ltr'>benedicite</span> <span class='ocrx_word' id='word_1_94' title='bbox 730 1676 867 1715; x_wconf 82' lang='lat' dir='ltr'>Christo,</span> 
     </span>
    </p>
   </div>
   <div class='ocr_carea' id='block_1_9' title="bbox 1000 240 1420 318">
    <p class='ocr_par' dir='ltr' id='par_1_9' title="bbox 1000 240 1420 318">
     <span class='ocr_line' id='line_1_30' title="bbox 1000 240 1309 279; baseline -0.013 -7"><span class='ocrx_word' id='word_1_95' title='bbox 1000 240 1168 279; x_wconf 78' lang='lat' dir='ltr'>Electique</span> <span class='ocrx_word' id='word_1_96' title='bbox 1191 246 1309 274; x_wconf 82' lang='lat' dir='ltr'>omnes,</span> 
     </span>
     <span class='ocr_line' id='line_1_31' title="bbox 1049 283 1420 318; baseline -0.005 -1"><span class='ocrx_word' id='word_1_97' title='bbox 1049 288 1160 318; x_wconf 74' lang='lat' dir='ltr'>cuncta</span> <span class='ocrx_word' id='word_1_98' title='bbox 1186 287 1295 317; x_wconf 75' lang='lat' dir='ltr'>creata.</span> <span class='ocrx_word' id='word_1_99' title='bbox 1317 283 1420 315; x_wconf 86' lang='lat' dir='ltr'>simul.</span> 
     </span>
    </p>
   </div>
   <div class='ocr_carea' id='block_1_10' title="bbox 944 340 1507 522">
    <p class='ocr_par' dir='ltr' id='par_1_10' title="bbox 944 340 1500 425">
     <span class='ocr_line' id='line_1_32' title="bbox 944 340 1342 379; baseline -0.015 -3"><span class='ocrx_word' id='word_1_100' title='bbox 944 346 975 376; x_wconf 77' lang='lat'>5,</span> <span class='ocrx_word' id='word_1_101' title='bbox 1000 342 1110 374; x_wconf 81' lang='lat' dir='ltr'>Sancti</span> <span class='ocrx_word' id='word_1_102' title='bbox 1131 340 1342 379; x_wconf 77' lang='lat' dir='ltr'>exsultabunt,</span> 
     </span>
     <span class='ocr_line' id='line_1_33' title="bbox 1047 385 1500 425; baseline -0.015 -4"><span class='ocrx_word' id='word_1_103' title='bbox 1047 393 1178 421; x_wconf 79' lang='lat' dir='ltr'>aeterna</span> <span class='ocrx_word' id='word_1_104' title='bbox 1200 389 1235 419; x_wconf 89' lang='lat' dir='ltr'>in</span> <span class='ocrx_word' id='word_1_105' title='bbox 1258 385 1343 418; x_wconf 75' lang='lat' dir='ltr'>atria.</span> <span class='ocrx_word' id='word_1_106' title='bbox 1364 387 1500 425; x_wconf 79' lang='lat' dir='ltr'>pergent</span> 
     </span>
    </p>

    <p class='ocr_par' dir='ltr' id='par_1_11' title="bbox 1000 433 1507 522">
     <span class='ocr_line' id='line_1_34' title="bbox 1000 433 1351 474; baseline -0.009 -8"><span class='ocrx_word' id='word_1_107' title='bbox 1000 436 1248 474; x_wconf 82' lang='lat' dir='ltr'>Attribuentque</span> <span class='ocrx_word' id='word_1_108' title='bbox 1271 433 1351 472; x_wconf 88' lang='lat' dir='ltr'>Deo,</span> 
     </span>
     <span class='ocr_line' id='line_1_35' title="bbox 1048 477 1507 522; baseline -0.009 -8"><span class='ocrx_word' id='word_1_109' title='bbox 1048 481 1202 522; x_wconf 83' lang='lat' dir='ltr'>quidquid</span> <span class='ocrx_word' id='word_1_110' title='bbox 1226 480 1356 512; x_wconf 82' lang='lat' dir='ltr'>honoris</span> <span class='ocrx_word' id='word_1_111' title='bbox 1380 477 1507 510; x_wconf 81' lang='lat' dir='ltr'>habent.</span> 
     </span>
    </p>
   </div>
   <div class='ocr_carea' id='block_1_11' title="bbox 1118 551 1365 582">
    <p class='ocr_par' dir='ltr' id='par_1_12' title="bbox 1118 551 1365 582">
     <span class='ocr_line' id='line_1_36' title="bbox 1118 551 1365 582; baseline -0.012 0"><span class='ocrx_word' id='word_1_112' title='bbox 1118 554 1164 582; x_wconf 82' lang='lat' dir='ltr'>Ad</span> <span class='ocrx_word' id='word_1_113' title='bbox 1181 551 1365 582; x_wconf 79' lang='lat' dir='ltr'>Benedictus.</span> 
     </span>
    </p>
   </div>
   <div class='ocr_carea' id='block_1_12' title="bbox 928 612 1519 980">
    <p class='ocr_par' dir='ltr' id='par_1_13' title="bbox 928 612 1372 644">
     <span class='ocr_line' id='line_1_37' title="bbox 928 612 1372 644; baseline -0.009 0"><span class='ocrx_word' id='word_1_114' title='bbox 928 614 967 644; x_wconf 86' lang='lat' dir='ltr'>A.</span> <span class='ocrx_word' id='word_1_115' title='bbox 997 612 1051 644; x_wconf 76' lang='lat' dir='ltr'>Ad</span> <span class='ocrx_word' id='word_1_116' title='bbox 1077 621 1112 643; x_wconf 89' lang='lat' dir='ltr'>se</span> <span class='ocrx_word' id='word_1_117' title='bbox 1135 620 1193 642; x_wconf 86' lang='lat' dir='ltr'>nos</span> <span class='ocrx_word' id='word_1_118' title='bbox 1218 618 1372 642; x_wconf 82' lang='lat' dir='ltr'>revocans</span> 
     </span>
    </p>

    <p class='ocr_par' dir='ltr' id='par_1_14' title="bbox 999 655 1519 737">
     <span class='ocr_line' id='line_1_38' title="bbox 1042 655 1519 695; baseline -0.006 -5"><span class='ocrx_word' id='word_1_119' title='bbox 1042 658 1129 690; x_wconf 88' lang='lat' dir='ltr'>Deus</span> <span class='ocrx_word' id='word_1_120' title='bbox 1154 665 1230 689; x_wconf 77' lang='lat' dir='ltr'>aevo</span> <span class='ocrx_word' id='word_1_121' title='bbox 1256 656 1299 688; x_wconf 77' lang='lat' dir='ltr'>sit.</span> <span class='ocrx_word' id='word_1_122' title='bbox 1321 655 1519 695; x_wconf 75' lang='lat' dir='ltr'>benedictus,</span> 
     </span>
     <span class='ocr_line' id='line_1_39' title="bbox 999 704 1268 737; baseline 0 -2"><span class='ocrx_word' id='word_1_123' title='bbox 999 705 1117 737; x_wconf 77' lang='lat' dir='ltr'>Visitat,</span> <span class='ocrx_word' id='word_1_124' title='bbox 1141 713 1180 736; x_wconf 80' lang='lat' dir='ltr'>ex</span> <span class='ocrx_word' id='word_1_125' title='bbox 1204 704 1268 736; x_wconf 82' lang='lat' dir='ltr'>alto</span> 
     </span>
    </p>

    <p class='ocr_par' dir='ltr' id='par_1_15' title="bbox 998 751 1428 839">
     <span class='ocr_line' id='line_1_40' title="bbox 1047 751 1407 790; baseline -0.011 -6"><span class='ocrx_word' id='word_1_126' title='bbox 1047 753 1126 784; x_wconf 81' lang='lat' dir='ltr'>&lt;lans</span> <span class='ocrx_word' id='word_1_127' title='bbox 1152 751 1280 783; x_wconf 76' lang='lat' dir='ltr'>deitatis</span> <span class='ocrx_word' id='word_1_128' title='bbox 1305 758 1407 790; x_wconf 76' lang='lat' dir='ltr'>opem,</span> 
     </span>
     <span class='ocr_line' id='line_1_41' title="bbox 998 797 1428 839; baseline -0.007 -9"><span class='ocrx_word' id='word_1_129' title='bbox 998 798 1122 839; x_wconf 75' lang='lat' dir='ltr'>Nempe</span> <span class='ocrx_word' id='word_1_130' title='bbox 1145 806 1204 837; x_wconf 83' lang='lat' dir='ltr'>per</span> <span class='ocrx_word' id='word_1_131' title='bbox 1229 807 1263 829; x_wconf 88' lang='lat' dir='ltr'>os</span> <span class='ocrx_word' id='word_1_132' title='bbox 1287 797 1428 838; x_wconf 85' lang='lat' dir='ltr'>loquitur</span> 
     </span>
    </p>

    <p class='ocr_par' dir='ltr' id='par_1_16' title="bbox 996 844 1508 933">
     <span class='ocr_line' id='line_1_42' title="bbox 1045 844 1508 878; baseline -0.006 0"><span class='ocrx_word' id='word_1_133' title='bbox 1045 848 1225 878; x_wconf 84' lang='lat' dir='ltr'>sanctorum</span> <span class='ocrx_word' id='word_1_134' title='bbox 1248 852 1343 876; x_wconf 79' lang='lat' dir='ltr'>sacra.</span> <span class='ocrx_word' id='word_1_135' title='bbox 1366 844 1508 876; x_wconf 85' lang='lat' dir='ltr'>docendo</span> 
     </span>
     <span class='ocr_line' id='line_1_43' title="bbox 996 892 1285 933; baseline -0.007 -9"><span class='ocrx_word' id='word_1_136' title='bbox 996 893 1135 933; x_wconf 81' lang='lat' dir='ltr'>Eloquia</span> <span class='ocrx_word' id='word_1_137' title='bbox 1156 901 1194 924; x_wconf 82' lang='lat' dir='ltr'>ac</span> <span class='ocrx_word' id='word_1_138' title='bbox 1219 892 1285 923; x_wconf 88' lang='lat' dir='ltr'>eius</span> 
     </span>
    </p>

    <p class='ocr_par' dir='ltr' id='par_1_17' title="bbox 1043 939 1379 980">
     <span class='ocr_line' id='line_1_44' title="bbox 1043 939 1379 980; baseline -0.003 -8"><span class='ocrx_word' id='word_1_139' title='bbox 1043 949 1138 972; x_wconf 86' lang='lat' dir='ltr'>nosse</span> <span class='ocrx_word' id='word_1_140' title='bbox 1161 947 1276 980; x_wconf 81' lang='lat' dir='ltr'>parare</span> <span class='ocrx_word' id='word_1_141' title='bbox 1301 939 1379 971; x_wconf 77' lang='lat' dir='ltr'>vias,</span> 
     </span>
    </p>
   </div>
   <div class='ocr_carea' id='block_1_13' title="bbox 1063 1033 1411 1073">
    <p class='ocr_par' dir='ltr' id='par_1_18' title="bbox 1063 1033 1411 1073">
     <span class='ocr_line' id='line_1_45' title="bbox 1063 1033 1411 1073; baseline 0.003 -8"><span class='ocrx_word' id='word_1_142' title='bbox 1063 1034 1111 1065; x_wconf 87' lang='lat' dir='ltr'>In</span> <span class='ocrx_word' id='word_1_143' title='bbox 1135 1035 1166 1065; x_wconf 81' lang='lat'>2.</span> <span class='ocrx_word' id='word_1_144' title='bbox 1192 1034 1302 1073; x_wconf 85' lang='lat' dir='ltr'>Vesp</span> <span class='ocrx_word' id='word_1_145' title='bbox 1314 1033 1411 1066; x_wconf 91' lang='lat' dir='ltr'>eris.</span> 
     </span>
    </p>
   </div>
   <div class='ocr_carea' id='block_1_14' title="bbox 1114 1106 1359 1143">
    <p class='ocr_par' dir='ltr' id='par_1_19' title="bbox 1114 1106 1359 1143">
     <span class='ocr_line' id='line_1_46' title="bbox 1114 1106 1359 1143; baseline -0.004 -9"><span class='ocrx_word' id='word_1_146' title='bbox 1114 1106 1160 1134; x_wconf 85' lang='lat' dir='ltr'>Ad</span> <span class='ocrx_word' id='word_1_147' title='bbox 1179 1107 1359 1143; x_wconf 79' lang='lat' dir='ltr'>Magnificat.</span> 
     </span>
    </p>
   </div>
   <div class='ocr_carea' id='block_1_15' title="bbox 927 1163 1537 1722">
    <p class='ocr_par' dir='ltr' id='par_1_20' title="bbox 927 1163 1251 1204">
     <span class='ocr_line' id='line_1_47' title="bbox 927 1163 1251 1204; baseline -0.003 -8"><span class='ocrx_word' id='word_1_148' title='bbox 927 1165 968 1196; x_wconf 91' lang='lat' dir='ltr'>A.</span> <span class='ocrx_word' id='word_1_149' title='bbox 1000 1163 1024 1195; x_wconf 95' lang='lat' dir='ltr'>O</span> <span class='ocrx_word' id='word_1_150' title='bbox 1052 1164 1132 1195; x_wconf 81' lang='lat' dir='ltr'>caeli</span> <span class='ocrx_word' id='word_1_151' title='bbox 1157 1164 1251 1204; x_wconf 84' lang='lat' dir='ltr'>cives,</span> 
     </span>
    </p>

    <p class='ocr_par' dir='ltr' id='par_1_21' title="bbox 997 1213 1519 1298">
     <span class='ocr_line' id='line_1_48' title="bbox 1044 1213 1519 1251; baseline 0 -9"><span class='ocrx_word' id='word_1_152' title='bbox 1044 1213 1168 1242; x_wconf 89' lang='lat' dir='ltr'>vestros</span> <span class='ocrx_word' id='word_1_153' title='bbox 1192 1214 1318 1243; x_wconf 83' lang='lat' dir='ltr'>servate</span> <span class='ocrx_word' id='word_1_154' title='bbox 1341 1214 1519 1251; x_wconf 74' lang='lat' dir='ltr'>precantes,</span> 
     </span>
     <span class='ocr_line' id='line_1_49' title="bbox 997 1257 1351 1298; baseline 0.006 -10"><span class='ocrx_word' id='word_1_155' title='bbox 997 1257 1047 1288; x_wconf 80' lang='lat' dir='ltr'>Ne</span> <span class='ocrx_word' id='word_1_156' title='bbox 1069 1258 1172 1289; x_wconf 87' lang='lat' dir='ltr'>scelus</span> <span class='ocrx_word' id='word_1_157' title='bbox 1195 1259 1351 1298; x_wconf 85' lang='lat' dir='ltr'>impingat</span> 
     </span>
    </p>

    <p class='ocr_par' dir='ltr' id='par_1_22' title="bbox 996 1305 1471 1391">
     <span class='ocr_line' id='line_1_50' title="bbox 1043 1305 1471 1348; baseline 0 -12"><span class='ocrx_word' id='word_1_158' title='bbox 1043 1307 1098 1336; x_wconf 77' lang='lat' dir='ltr'>aut</span> <span class='ocrx_word' id='word_1_159' title='bbox 1121 1305 1207 1338; x_wconf 75' lang='lat' dir='ltr'>ferat</span> <span class='ocrx_word' id='word_1_160' title='bbox 1230 1306 1318 1337; x_wconf 88' lang='lat' dir='ltr'>hisce</span> <span class='ocrx_word' id='word_1_161' title='bbox 1340 1313 1471 1348; x_wconf 80' lang='lat' dir='ltr'>necem3</span> 
     </span>
     <span class='ocr_line' id='line_1_51' title="bbox 996 1351 1306 1391; baseline 0 -8"><span class='ocrx_word' id='word_1_162' title='bbox 996 1351 1021 1383; x_wconf 94' lang='lat' dir='ltr'>O</span> <span class='ocrx_word' id='word_1_163' title='bbox 1045 1355 1211 1391; x_wconf 83' lang='lat' dir='ltr'>materque</span> <span class='ocrx_word' id='word_1_164' title='bbox 1233 1352 1306 1391; x_wconf 82' lang='lat' dir='ltr'>Dei,</span> 
     </span>
    </p>

    <p class='ocr_par' dir='ltr' id='par_1_23' title="bbox 994 1400 1494 1478">
     <span class='ocr_line' id='line_1_52' title="bbox 1043 1400 1494 1440; baseline 0 -10"><span class='ocrx_word' id='word_1_165' title='bbox 1043 1407 1115 1438; x_wconf 85' lang='lat' dir='ltr'>spes</span> <span class='ocrx_word' id='word_1_166' title='bbox 1141 1402 1173 1430; x_wconf 77' lang='lat' dir='ltr'>et</span> <span class='ocrx_word' id='word_1_167' title='bbox 1193 1400 1351 1440; x_wconf 84' lang='lat' dir='ltr'>protectio</span> <span class='ocrx_word' id='word_1_168' title='bbox 1374 1401 1494 1437; x_wconf 82' lang='lat' dir='ltr'>nostra,</span> 
     </span>
     <span class='ocr_line' id='line_1_53' title="bbox 994 1444 1227 1478; baseline 0.009 -2"><span class='ocrx_word' id='word_1_169' title='bbox 994 1444 1144 1476; x_wconf 80' lang='lat' dir='ltr'>Extensis</span> <span class='ocrx_word' id='word_1_170' title='bbox 1167 1447 1227 1478; x_wconf 83' lang='lat' dir='ltr'>alis</span> 
     </span>
    </p>

    <p class='ocr_par' dir='ltr' id='par_1_24' title="bbox 1001 1494 1383 1584">
     <span class='ocr_line' id='line_1_54' title="bbox 1043 1494 1383 1533; baseline 0.006 -10"><span class='ocrx_word' id='word_1_171' title='bbox 1043 1501 1164 1531; x_wconf 89' lang='lat' dir='ltr'>nosque</span> <span class='ocrx_word' id='word_1_172' title='bbox 1185 1496 1277 1525; x_wconf 83' lang='lat' dir='ltr'>tuere</span> <span class='ocrx_word' id='word_1_173' title='bbox 1300 1494 1383 1533; x_wconf 81' lang='lat' dir='ltr'>tuis3</span> 
     </span>
     <span class='ocr_line' id='line_1_55' title="bbox 1001 1537 1317 1584; baseline 0.009 -16"><span class='ocrx_word' id='word_1_174' title='bbox 1001 1537 1144 1570; x_wconf 84' lang='lat' dir='ltr'>Clemens</span> <span class='ocrx_word' id='word_1_175' title='bbox 1166 1541 1317 1584; x_wconf 77' lang='lat' dir='ltr'>salvator,</span> 
     </span>
    </p>

    <p class='ocr_par' dir='ltr' id='par_1_25' title="bbox 995 1586 1537 1676">
     <span class='ocr_line' id='line_1_56' title="bbox 1043 1586 1537 1627; baseline 0.002 -11"><span class='ocrx_word' id='word_1_176' title='bbox 1043 1586 1154 1617; x_wconf 84' lang='lat' dir='ltr'>matris</span> <span class='ocrx_word' id='word_1_177' title='bbox 1178 1587 1389 1627; x_wconf 80' lang='lat' dir='ltr'>precibusque</span> <span class='ocrx_word' id='word_1_178' title='bbox 1413 1589 1537 1619; x_wconf 84' lang='lat' dir='ltr'>tuorum</span> 
     </span>
     <span class='ocr_line' id='line_1_57' title="bbox 995 1631 1415 1676; baseline 0.01 -14"><span class='ocrx_word' id='word_1_179' title='bbox 995 1631 1085 1663; x_wconf 81' lang='lat' dir='ltr'>Mors</span> <span class='ocrx_word' id='word_1_180' title='bbox 1109 1635 1164 1664; x_wconf 83' lang='lat' dir='ltr'>tua</span> <span class='ocrx_word' id='word_1_181' title='bbox 1187 1643 1245 1666; x_wconf 89' lang='lat' dir='ltr'>nos</span> <span class='ocrx_word' id='word_1_182' title='bbox 1267 1636 1415 1676; x_wconf 82' lang='lat' dir='ltr'>redimat,</span> 
     </span>
    </p>

    <p class='ocr_par' dir='ltr' id='par_1_26' title="bbox 1045 1680 1384 1722">
     <span class='ocr_line' id='line_1_58' title="bbox 1045 1680 1384 1722; baseline 0.012 -12"><span class='ocrx_word' id='word_1_183' title='bbox 1045 1680 1177 1711; x_wconf 81' lang='lat' dir='ltr'>collocet</span> <span class='ocrx_word' id='word_1_184' title='bbox 1200 1681 1276 1713; x_wconf 84' lang='lat' dir='ltr'>inde</span> <span class='ocrx_word' id='word_1_185' title='bbox 1299 1683 1384 1722; x_wconf 84' lang='lat' dir='ltr'>polo.</span> 
     </span>
    </p>
   </div>
   <div class='ocr_carea' id='block_1_16' title="bbox 258 1739 1542 1818">
    <p class='ocr_par' dir='ltr' id='par_1_27' title="bbox 258 1739 1542 1818">
     <span class='ocr_line' id='line_1_59' title="bbox 325 1739 1542 1782; baseline 0.004 -16"><span class='ocrx_word' id='word_1_186' title='bbox 325 1740 407 1782; x_wconf 71' lang='lat' dir='ltr'>Brev.</span> <span class='ocrx_word' id='word_1_187' title='bbox 430 1739 650 1782; x_wconf 67' lang='lat' dir='ltr'>Salisburgense</span> <span class='ocrx_word' id='word_1_188' title='bbox 669 1741 738 1775; x_wconf 87' lang='lat' dir='ltr'>imp.</span> <span class='ocrx_word' id='word_1_189' title='bbox 759 1740 890 1768; x_wconf 85' lang='lat' dir='ltr'>Venetiis</span> <span class='ocrx_word' id='word_1_190' title='bbox 911 1740 993 1769; x_wconf 84' lang='lat'><strong>1518.</strong></span> <span class='ocrx_word' id='word_1_191' title='bbox 1014 1756 1052 1761; x_wconf 73' lang='lat'>——</span> <span class='ocrx_word' id='word_1_192' title='bbox 1073 1744 1225 1778; x_wconf 76' lang='lat' dir='ltr'>Hymnen:</span> <span class='ocrx_word' id='word_1_193' title='bbox 1248 1745 1286 1772; x_wconf 80' lang='lat' dir='ltr'>ad</span> <span class='ocrx_word' id='word_1_194' title='bbox 1297 1746 1386 1782; x_wconf 78' lang='lat' dir='ltr'>Vesp.</span> <span class='ocrx_word' id='word_1_195' title='bbox 1408 1749 1438 1773; x_wconf 79' lang='lat' dir='ltr'>et.</span> <span class='ocrx_word' id='word_1_196' title='bbox 1452 1747 1542 1774; x_wconf 82' lang='lat' dir='ltr'>Noet:</span> 
     </span>
     <span class='ocr_line' id='line_1_60' title="bbox 258 1776 1448 1818; baseline 0.008 -16"><span class='ocrx_word' id='word_1_197' title='bbox 258 1776 282 1803; x_wconf 95' lang='lat' dir='ltr'>O</span> <span class='ocrx_word' id='word_1_198' title='bbox 301 1784 376 1803; x_wconf 65' lang='lat' dir='ltr'>&lt;aeri</span> <span class='ocrx_word' id='word_1_199' title='bbox 394 1782 511 1803; x_wconf 80' lang='lat' dir='ltr'>nostrae</span> <span class='ocrx_word' id='word_1_200' title='bbox 528 1776 597 1804; x_wconf 79' lang='lat' dir='ltr'>fide1</span> <span class='ocrx_word' id='word_1_201' title='bbox 616 1780 764 1811; x_wconf 72' lang='lat' dir='ltr'>parente53</span> <span class='ocrx_word' id='word_1_202' title='bbox 786 1778 823 1805; x_wconf 82' lang='lat' dir='ltr'>ad</span> <span class='ocrx_word' id='word_1_203' title='bbox 843 1779 973 1806; x_wconf 67' lang='lat' dir='ltr'>Laudes:</span> <span class='ocrx_word' id='word_1_204' title='bbox 1012 1780 1075 1808; x_wconf 82' lang='lat' dir='ltr'>Rex</span> <span class='ocrx_word' id='word_1_205' title='bbox 1093 1790 1194 1818; x_wconf 82' lang='lat' dir='ltr'>regum</span> <span class='ocrx_word' id='word_1_206' title='bbox 1214 1783 1448 1811; x_wconf 85' lang='lat' dir='ltr'>clementissime.</span> 
     </span>
    </p>
   </div>
   <div class='ocr_carea' id='block_1_17' title="bbox 514 1876 1269 1914">
    <p class='ocr_par' dir='ltr' id='par_1_28' title="bbox 514 1876 1269 1914">
     <span class='ocr_line' id='line_1_61' title="bbox 514 1876 1269 1914; baseline 0.009 -7"><span class='ocrx_word' id='word_1_207' title='bbox 514 1877 559 1908; x_wconf 90' lang='grc'>41.</span> <span class='ocrx_word' id='word_1_208' title='bbox 579 1877 615 1907; x_wconf 87' lang='lat' dir='ltr'>ln</span> <span class='ocrx_word' id='word_1_209' title='bbox 633 1876 723 1907; x_wconf 77' lang='lat' dir='ltr'>Festo</span> <span class='ocrx_word' id='word_1_210' title='bbox 745 1876 946 1911; x_wconf 77' lang='lat' dir='ltr'>Patronorum</span> <span class='ocrx_word' id='word_1_211' title='bbox 964 1880 1269 1914; x_wconf 71' lang='lat' dir='ltr'>Emmeramensium.</span> 
     </span>
    </p>
   </div>
   <div class='ocr_carea' id='block_1_18' title="bbox 254 1956 1468 2420">
    <p class='ocr_par' dir='ltr' id='par_1_29' title="bbox 254 1956 1468 2420">
     <span class='ocr_line' id='line_1_62' title="bbox 390 1956 1468 2004; baseline 0.008 -16"><span class='ocrx_word' id='word_1_212' title='bbox 390 1956 436 1988; x_wconf 90' lang='lat' dir='ltr'>In</span> <span class='ocrx_word' id='word_1_213' title='bbox 463 1957 492 1988; x_wconf 84' lang='lat'>1.</span> <span class='ocrx_word' id='word_1_214' title='bbox 518 1956 733 1994; x_wconf 82' lang='lat' dir='ltr'>vesperis.</span> <span class='ocrx_word' id='word_1_215' title='bbox 995 1959 1055 1997; x_wconf 83' lang='lat' dir='ltr'>Qui</span> <span class='ocrx_word' id='word_1_216' title='bbox 1076 1961 1139 1994; x_wconf 82' lang='lat' dir='ltr'>iam</span> <span class='ocrx_word' id='word_1_217' title='bbox 1164 1964 1271 2003; x_wconf 76' lang='lat' dir='ltr'>patria</span> <span class='ocrx_word' id='word_1_218' title='bbox 1295 1965 1468 2004; x_wconf 81' lang='lat' dir='ltr'>gaudentes</span> 
     </span>
     <span class='ocr_line' id='line_1_63' title="bbox 596 2006 1351 2048; baseline 0.009 -13"><span class='ocrx_word' id='word_1_219' title='bbox 596 2039 602 2044; x_wconf 38' lang='grc' dir='ltr'>ι</span> <span class='ocrx_word' id='word_1_220' title='bbox 994 2006 1067 2038; x_wconf 77' lang='lat' dir='ltr'>Non</span> <span class='ocrx_word' id='word_1_221' title='bbox 1090 2008 1271 2048; x_wconf 79' lang='lat' dir='ltr'>relinquant</span> <span class='ocrx_word' id='word_1_222' title='bbox 1293 2020 1351 2042; x_wconf 87' lang='lat' dir='ltr'>nos</span> 
     </span>
     <span class='ocr_line' id='line_1_64' title="bbox 440 2038 1397 2096; baseline 0.01 -15"><span class='ocrx_word' id='word_1_223' title='bbox 440 2038 485 2065; x_wconf 80' lang='lat' dir='ltr'>Ad</span> <span class='ocrx_word' id='word_1_224' title='bbox 504 2038 680 2074; x_wconf 76' lang='lat' dir='ltr'>Magmficat.</span> <span class='ocrx_word' id='word_1_225' title='bbox 1041 2054 1074 2084; x_wconf 89' lang='lat' dir='ltr'>in</span> <span class='ocrx_word' id='word_1_226' title='bbox 1101 2054 1211 2086; x_wconf 81' lang='lat' dir='ltr'>exsilio</span> <span class='ocrx_word' id='word_1_227' title='bbox 1238 2056 1397 2096; x_wconf 84' lang='lat' dir='ltr'>degentes.</span> 
     </span>
     <span class='ocr_line' id='line_1_65' title="bbox 254 2104 819 2147; baseline 0.002 -12"><span class='ocrx_word' id='word_1_228' title='bbox 254 2105 294 2135; x_wconf 89' lang='lat' dir='ltr'>A.</span> <span class='ocrx_word' id='word_1_229' title='bbox 324 2104 405 2147; x_wconf 82' lang='lat' dir='ltr'>Iesu,</span> <span class='ocrx_word' id='word_1_230' title='bbox 429 2106 602 2144; x_wconf 82' lang='lat' dir='ltr'>praemium</span> <span class='ocrx_word' id='word_1_231' title='bbox 625 2106 819 2145; x_wconf 74' lang='lat' dir='ltr'>regnantium</span> 
     </span>
     <span class='ocr_line' id='line_1_66' title="bbox 323 2151 692 2194; baseline 0.003 -12"><span class='ocrx_word' id='word_1_232' title='bbox 323 2151 368 2182; x_wconf 81' lang='lat' dir='ltr'>Et</span> <span class='ocrx_word' id='word_1_233' title='bbox 392 2152 508 2183; x_wconf 80' lang='lat' dir='ltr'>ductor</span> <span class='ocrx_word' id='word_1_234' title='bbox 527 2153 692 2194; x_wconf 78' lang='lat' dir='ltr'>viatorum,</span> 
     </span>
     <span class='ocr_line' id='line_1_67' title="bbox 323 2197 629 2230; baseline 0.007 -2"><span class='ocrx_word' id='word_1_235' title='bbox 323 2197 417 2229; x_wconf 80' lang='lat' dir='ltr'>Salva</span> <span class='ocrx_word' id='word_1_236' title='bbox 440 2207 499 2229; x_wconf 86' lang='lat' dir='ltr'>nos</span> <span class='ocrx_word' id='word_1_237' title='bbox 523 2207 629 2230; x_wconf 85' lang='lat' dir='ltr'>eorum</span> 
     </span>
     <span class='ocr_line' id='line_1_68' title="bbox 324 2243 652 2285; baseline 0.009 -11"><span class='ocrx_word' id='word_1_238' title='bbox 324 2243 495 2284; x_wconf 66' lang='lat' dir='ltr'>stiffi-agiis,</span> <span class='ocrx_word' id='word_1_239' title='bbox 522 2254 652 2285; x_wconf 86' lang='lat' dir='ltr'>quorum</span> 
     </span>
     <span class='ocr_line' id='line_1_69' title="bbox 323 2289 708 2331; baseline 0.01 -11"><span class='ocrx_word' id='word_1_240' title='bbox 323 2289 389 2321; x_wconf 81' lang='lat' dir='ltr'>Nos</span> <span class='ocrx_word' id='word_1_241' title='bbox 415 2292 529 2324; x_wconf 81' lang='lat' dir='ltr'>dotasti</span> <span class='ocrx_word' id='word_1_242' title='bbox 554 2293 708 2331; x_wconf 78' lang='lat' dir='ltr'>reliquiiS,</span> 
     </span>
     <span class='ocr_line' id='line_1_70' title="bbox 325 2337 864 2374; baseline 0.004 -7"><span class='ocrx_word' id='word_1_243' title='bbox 325 2337 407 2374; x_wconf 77' lang='lat' dir='ltr'>Quos</span> <span class='ocrx_word' id='word_1_244' title='bbox 433 2339 518 2370; x_wconf 81' lang='lat' dir='ltr'>vario</span> <span class='ocrx_word' id='word_1_245' title='bbox 543 2339 724 2371; x_wconf 82' lang='lat' dir='ltr'>meritorum</span> <span class='ocrx_word' id='word_1_246' title='bbox 754 2339 864 2372; x_wconf 72' lang='lat' dir='ltr'>iubare</span> 
     </span>
     <span class='ocr_line' id='line_1_71' title="bbox 324 2382 664 2420; baseline 0.012 -6"><span class='ocrx_word' id='word_1_247' title='bbox 324 2382 479 2415; x_wconf 83' lang='lat' dir='ltr'>Tribuisti</span> <span class='ocrx_word' id='word_1_248' title='bbox 498 2393 664 2420; x_wconf 83' lang='lat' dir='ltr'>coruscare</span> 
     </span>
    </p>
   </div>
   <div class='ocr_carea' id='block_1_19' title="bbox 993 2146 1401 2422">
    <p class='ocr_par' dir='ltr' id='par_1_30' title="bbox 993 2146 1401 2422">
     <span class='ocr_line' id='line_1_72' title="bbox 1054 2146 1401 2185; baseline 0.023 -9"><span class='ocrx_word' id='word_1_249' title='bbox 1054 2146 1084 2176; x_wconf 80' lang='lat' dir='ltr'>A</span> <span class='ocrx_word' id='word_1_250' title='bbox 1095 2146 1116 2177; x_wconf 91' lang='lat' dir='ltr'>d</span> <span class='ocrx_word' id='word_1_251' title='bbox 1137 2147 1401 2185; x_wconf 79' lang='lat' dir='ltr'>Matutinum.</span> 
     </span>
     <span class='ocr_line' id='line_1_73' title="bbox 1123 2201 1338 2233; baseline 0.028 -6"><span class='ocrx_word' id='word_1_252' title='bbox 1123 2201 1338 2233; x_wconf 77' lang='lat' dir='ltr'>Invitatorium.</span> 
     </span>
     <span class='ocr_line' id='line_1_74' title="bbox 994 2246 1328 2284; baseline 0.024 -8"><span class='ocrx_word' id='word_1_253' title='bbox 994 2246 1053 2284; x_wconf 84' lang='lat' dir='ltr'>Qui</span> <span class='ocrx_word' id='word_1_254' title='bbox 1078 2250 1127 2278; x_wconf 82' lang='lat' dir='ltr'>est</span> <span class='ocrx_word' id='word_1_255' title='bbox 1149 2254 1328 2284; x_wconf 86' lang='lat' dir='ltr'>nostrorum</span> 
     </span>
     <span class='ocr_line' id='line_1_75' title="bbox 994 2292 1308 2342; baseline 0.019 -18"><span class='ocrx_word' id='word_1_256' title='bbox 994 2292 1065 2325; x_wconf 79' lang='lat' dir='ltr'>Rex</span> <span class='ocrx_word' id='word_1_257' title='bbox 1092 2297 1308 2342; x_wconf 76' lang='lat' dir='ltr'>patronorum,</span> 
     </span>
     <span class='ocr_line' id='line_1_76' title="bbox 993 2339 1172 2372; baseline 0.006 -1"><span class='ocrx_word' id='word_1_258' title='bbox 993 2339 1087 2372; x_wconf 78' lang='lat' dir='ltr'>Hunc</span> <span class='ocrx_word' id='word_1_259' title='bbox 1110 2341 1172 2372; x_wconf 86' lang='lat' dir='ltr'>rite</span> 
     </span>
     <span class='ocr_line' id='line_1_77' title="bbox 994 2386 1280 2422; baseline 0.014 -4"><span class='ocrx_word' id='word_1_260' title='bbox 994 2386 1144 2419; x_wconf 83' lang='lat' dir='ltr'>Laudare</span> <span class='ocrx_word' id='word_1_261' title='bbox 1165 2390 1280 2422; x_wconf 86' lang='lat' dir='ltr'>venite.</span> 
     </span>
    </p>
   </div>
  </div>
 </body>
</html>
