1655 2534
188 293 242 326 10.

192 489 246 522 11.

191 734 245 767 12.

188 930 242 964 13.

691 97 948 132 —271—

269 190 331 222 His
356 190 565 231 Wereburga
588 192 688 234 favet,

316 237 370 269 fur
393 239 478 270 male
499 238 588 271 facta
611 243 719 280 pavet.

272 292 354 326 Cum
377 294 514 333 pietatis
539 295 633 329 homo

323 345 531 380 premeretur
557 342 598 374 ab
615 344 800 385 iniquitate,

273 387 336 419 Est
362 396 498 427 egressa
524 389 618 422 domo

317 443 413 466 sacra
429 436 522 476 virgo
541 435 646 469 fluens
663 438 798 478 pietate.

276 490 410 523 Corruit
435 495 512 524 ante
536 493 640 531 pedes

315 539 456 579 supplex
473 539 681 581 wereburga
701 541 801 573 lanis-

574 589 628 618 tae

274 631 364 664 Huic
387 641 486 664 orans
510 612 639 665 veniam

315 678 374 711 sed
399 688 539 719 parcere
564 681 672 713 noluit
693 681 768 713 iste.

273 734 318 766 At
345 734 421 767 dum
444 745 568 776 sponsa
590 736 655 769 Dei

318 782 426 814 scelus
453 791 547 814 omne
573 792 653 815 suae
678 783 785 816 rabiei

273 828 326 859 1111
353 828 492 869 detexit,

321 875 413 907 Deus
424 884 461 907 os
472 879 549 916 post
558 879 652 916 terga
661 875 802 910 reflexit.

270 931 361 963 Luce
385 931 444 963 sub
473 935 609 964 aeterna

325 980 548 1019 contemplans
554 988 805 1018 regnasuperna

278 1025 367 1057 Ante
392 1025 456 1057 Dei
479 1025 596 1058 faciem

324 1075 586 1112 perpetuumque
612 1073 708 1113 diem,

872 401 926 433 14.

872 746 927 779 15.

955 195 1025 233 Quo
1052 203 1171 234 sponso
1196 194 1328 233 plaudis

1004 241 1084 274 dans
1109 241 1159 272 illi
1186 242 1315 273 cantica
1339 241 1458 279 laudis,

951 289 1022 320 Nos
1047 296 1146 328 prece
1172 287 1302 320 sidereo

1002 334 1053 375 da,
1078 334 1293 375 Wereburga,
1319 335 1401 367 Deo.

954 401 1083 441 Sponsa
1105 400 1336 440 redemptoris,

1001 446 1126 487 Corpus
1152 447 1295 487 spoliata
1319 447 1451 483 laboris,

951 495 1059 527 Intrat
1082 495 1283 534 promeritae

999 541 1205 581 Wereburga
1231 541 1353 573 cubilia
1368 541 1476 580 vitae3

951 588 1040 620 Laus
1066 588 1110 619 sit
1133 588 1303 628 honorque
1328 587 1408 628 Deo,

1001 644 1064 676 quo
1102 633 1250 675 fulgurat
1288 637 1387 667 aucta
1409 637 1477 666 tro-

1252 691 1345 721 paeo.

953 747 1042 779 Mira
1063 747 1127 779 Dei
1152 756 1266 779 manus
1292 746 1439 778 aetherei

1000 793 1083 825 facit
1104 795 1193 826 intus
1219 796 1254 825 et
1277 796 1383 832 extra,

954 840 1040 872 Dum
1067 849 1162 872 veras
1187 840 1361 880 firmasque
1387 849 1477 870 seras

1000 886 1123 927 frangit
1148 895 1209 919 sua
1234 887 1358 925 dextra,

954 933 1049 964 Stant
1072 932 1161 964 foras
1185 933 1348 965 insomnes

1001 980 1089 1011 intus
1100 989 1200 1020 sopor
1209 982 1348 1019 occupat
1358 988 1456 1010 omne:

957 1026 1083 1066 Corpus
1108 1026 1303 1066 suscipiunt,

1002 1073 1082 1105 laeti
1108 1074 1149 1105 de
1173 1072 1289 1105 funere
1315 1072 1406 1104 fiunt.

257 1136 327 1164 Cod.
348 1131 511 1164 Londinen.
537 1135 586 1169 (ol.
611 1137 641 1165 S.
666 1137 781 1165 Mariae
806 1138 842 1165 de
866 1135 987 1173 Ruford)
1012 1137 1097 1166 Titus
1122 1138 1259 1166 DXXIV.
1281 1146 1355 1164 saec.
1377 1134 1421 1163 12.

181 1175 216 1202 [n
237 1174 288 1201 der
301 1174 495 1202 Handschrift
514 1176 553 1202 ist
572 1175 644 1202 alles
662 1176 861 1203 Vorstehende
881 1175 956 1202 chne
969 1175 1129 1211 Abteilung
1149 1176 1192 1202 als
1213 1176 1260 1202 ein
1273 1174 1481 1202 fortlaufendes

182 1210 306 1240 Gedicht.
325 1212 523 1247 geschrieben.
564 1212 649 1240 Indes
680 1212 750 1240 l'asst
769 1213 819 1240 der
838 1212 972 1240 fehlende
991 1213 1245 1247 Zusammenhang
1264 1213 1323 1239 und
1343 1212 1395 1239 das
1418 1212 1480 1239 sich

179 1249 309 1277 deutlieh
325 1251 366 1277 als
382 1250 495 1278 solches
512 1250 728 1278 insinuierende
740 1251 945 1278 Invitatorium
960 1251 1113 1283 erkennen,
1128 1251 1191 1278 dass
1207 1252 1253 1276 ein
1267 1248 1480 1278 Reimofficium

178 1287 315 1323 vorliegt,
336 1288 413 1315 ohne
432 1287 496 1315 dass
516 1296 547 1316 es
566 1289 667 1316 weitai·
688 1288 820 1323 moglich·
837 1288 912 1315 wfire
931 1297 969 1315 zu
989 1289 1177 1322 bestimmen‚
1198 1288 1328 1315 welchen
1346 1287 1429 1314 Platz
1449 1288 1481 1313 in

179 1325 346 1352 demselben
367 1324 415 1352 die
436 1326 587 1353 einzelnen
602 1327 645 1353 sei
660 1335 689 1353 es
703 1326 900 1361 Antiphonen,
921 1327 964 1353 sei
978 1335 1008 1353 es
1022 1326 1239 1361 Responsurien
1252 1326 1481 1353 einnal1men.—

607 1417 652 1448 99.
684 1417 727 1449 De
746 1418 852 1449 saneto
874 1416 1047 1448 Wilhelmo.

873 1488 903 1520 3.
932 1487 999 1520 Sub
1026 1490 1135 1520 aetate
1157 1505 1180 1523 η

314 1487 416 1519 1111,
446 1487 669 1527 Vesperis.

391 1570 585 1606 Antiphonae.

192 1629 224 1662 1.
252 1629 379 1668 Gaude,
405 1631 511 1661 mater

297 1675 440 1708 fecunda
465 1676 592 1713 liberis,

251 1723 343 1762 Quae
368 1724 533 1762 serpentis

297 1770 373 1802 dum
399 1773 499 1810 caput
524 1771 682 1811 conteris,

250 1817 329 1849 Tuis
356 1818 465 1850 caelos

296 1864 434 1897 alumnis
460 1864 581 1905 aperis,

249 1912 337 1951 Quos
360 1911 505 1944 victores

298 1960 468 2000 coniungis
495 1959 634 2000 superis.

251 2026 369 2060 Grates
395 2026 467 2059 Deo

296 2074 473 2108 reddamus
499 2073 618 2115 seduli,

253 2122 315 2162 Qui
341 2122 482 2156 sublatis

294 2170 459 2202 aerumnis
483 2169 618 2209 saeculi,

250 2217 344 2256 Quod
368 2226 434 2250 non
459 2218 552 2250 novit

297 2274 364 2306 cor,
390 2265 492 2305 auris,
519 2263 616 2305 oculi,

249 2311 371 2344 Nostro
398 2313 501 2352 gratis

298 2360 464 2393 concessit
487 2360 646 2400 praesuli.

978 1535 1179 1567 Guillermus
1205 1534 1323 1566 tenera

929 1582 1067 1615 Blandis
1090 1591 1231 1623 parcens

978 1630 1078 1670 elegit
1102 1637 1222 1670 aspera
1234 1640 1241 1669 ;

929 1677 1013 1710 Dum
1042 1677 1155 1708 virtuti

981 1725 1030 1757 sic
1056 1724 1153 1756 datur
1178 1732 1288 1764 opera,

929 1771 1053 1812 Legem
1079 1772 1186 1804 carnis

977 1820 1033 1851 lex
1059 1819 1171 1851 domat
1197 1819 1314 1850 altera.

896 1900 902 1906 .
929 1875 999 1907 Iani
1024 1875 1171 1915 gaudere

977 1923 1093 1955 nolens
1120 1923 1163 1955 ad
1185 1921 1347 1955 modicum

930 1971 1137 2003 Adulescens

979 2019 1112 2058 elongat
1135 2017 1315 2058 publicum,

929 2065 1089 2098 Mundum
1115 2065 1177 2096 sibi

984 2121 1185 2152 cognoscens
1210 2111 1365 2143 vitricum

933 2160 1092 2200 Pompam
1115 2158 1212 2199 fugit,

980 2206 1092 2239 evadit
1114 2207 1287 2239 lubricum.

929 2264 967 2295 In
994 2262 1130 2305 agendis
1156 2264 1228 2295 loco
1256 2263 1348 2296 ducis

931 2311 1064 2343 Instans
1089 2312 1181 2351 preci
1205 2319 1304 2343 verae
1328 2312 1411 2344 lucis

976 2358 1178 2400 Implorabat
1202 2358 1325 2402 radios,
