1655 2534
700 123 736 127 —
787 102 948 137 232-—

215 227 221 234 .
248 200 466 239 Spectaculum
491 198 734 238 pulcherrimum

294 246 419 278 Turbae
443 246 653 285 speculantur,

248 292 375 324 Coetum
400 293 482 332 quod
507 292 735 323 sanctissimum

293 339 395 371 Valde
419 341 615 370 venerantur.

215 420 222 428 .
251 396 378 434 Ursula‚
404 395 491 434 virgo
517 394 611 433 regia,

296 441 438 473 Moribus
464 444 584 481 ornata,

247 487 329 519 Vera
355 488 448 519 docta
470 487 600 518 scientia

294 533 391 566 Verbi
416 534 531 575 sparsit
556 536 634 567 sata,

219 615 226 624 .
251 590 342 622 Mens
368 598 472 621 earum
497 588 603 620 dedita

297 636 458 668 Laudibus
484 635 607 673 divinis,

249 682 327 722 Legi
351 682 411 713 Dei
435 681 560 713 subdita

295 729 366 761 Non
388 731 545 759 terrentur
570 727 672 758 minis.

382 811 576 846 Responsoria

216 903 224 912 .
251 877 345 917 Virgo
370 880 480 908 sancta
502 877 669 916 pollicetur

250 923 415 956 Assentire
439 931 496 954 nec
519 927 646 954 veretur

301 970 380 1009 Regi
405 978 439 1001 se
460 970 610 1008 copulari,

252 1016 286 1049 Si
311 1016 463 1055 virginum
490 1019 594 1047 coetus
621 1016 721 1053 detur,

252 1062 288 1095 In
314 1070 373 1101 quo
400 1063 515 1093 crimen
541 1070 601 1093 non
628 1061 760 1093 habetur

296 1109 361 1140 Nec
386 1111 491 1147 potest
513 1108 625 1149 notari,

297 1155 333 1186 In
361 1163 512 1186 consensu
536 1155 623 1194 pari3

211 1226 218 1234 .
247 1201 412 1241 Virgineus
439 1204 543 1232 coetus

296 1248 465 1278 adducitur
486 1248 625 1285 undique
648 1247 761 1279 laetus,

216 1328 224 1336 .
249 1303 407 1335 Munditia
432 1302 585 1334 castitatis

252 1348 441 1388 Grlutinoque
467 1349 606 1380 caritatis

296 1395 555 1434 conglutinantur
579 1395 714 1434 virgines

249 1442 351 1472 Verae
374 1442 438 1472 luci
460 1442 615 1473 claritatis

213 1512 220 1520 .
249 1487 425 1526 Formaque
449 1490 626 1519 sanctarum

297 1536 449 1565 monstrat
467 1533 548 1565 bona
563 1534 662 1565 virtus
677 1542 794 1566 earum.

222 1616 229 1622 .
253 1588 359 1628 Elegit
383 1588 468 1620 Deus
494 1598 575 1621 nova
598 1589 690 1627 bella,

298 1635 413 1666 Contra
437 1636 545 1666 muudi
568 1636 744 1673 principem

250 1681 405 1721 Pugnavit
429 1684 515 1712 aetas
540 1682 665 1721 tenella,

298 1728 399 1759 Vitam
427 1728 542 1759 ducens
568 1728 718 1759 caelibem

252 1772 327 1805 Cum
352 1774 465 1814 puellis
491 1777 523 1805 et
546 1775 651 1813 puella

296 1821 333 1852 In
359 1821 441 1851 hunc
465 1821 573 1852 mundi
597 1821 763 1854 tramitem.

214 1893 221 1901 .
250 1866 405 1899 Mundum
429 1871 618 1906 spreverunt

299 1916 330 1944 et
352 1913 467 1953 gaudia
492 1914 610 1945 caelica
630 1917 794 1956 quaerunt,

249 1959 365 1992 Sexum
389 1961 533 1992 vicerunt

299 2007 372 2046 quia
396 2006 493 2038 fortes
519 2009 622 2038 mente
647 2005 783 2039 fuerunt.

222 2089 228 2094 .
252 2062 340 2094 Inter
364 2066 488 2094 sanctas
513 2063 657 2102 speciosa

252 2106 328 2139 Fuit
351 2109 475 2140 nomine
499 2109 646 2147 Pinnosa,

253 2155 350 2194 Virgo
373 2153 510 2195 flagrans
534 2155 623 2188 velut
646 2165 719 2188 rosa

249 2200 293 2232 Et
314 2202 397 2233 inter
421 2202 530 2233 mundi
554 2202 682 2242 spinosa

301 2248 436 2280 Odorem
462 2247 545 2280 fudit
570 2247 773 2290 fragrantem,

180 2295 221 2328 V.
252 2295 385 2327 Instruit
409 2295 488 2326 haec
511 2298 630 2327 mentes

300 2342 454 2373 sociarum
477 2346 564 2374 recta
585 2345 761 2382 sequentes.

977 193 1081 226 1112.
1107 193 1337 224 Nocturno.

1059 284 1253 321 Antiphonae.

861 362 890 395 1.
916 362 1084 394 Exercitus
1110 360 1264 400 virginum

962 408 1105 439 Fortiter
1129 409 1304 447 pugnantes

917 455 1037 487 Ducem
1062 453 1180 486 habent
1204 452 1384 488 Dominum,

963 501 1069 540 Ipsum
1093 500 1253 531 imitantes

918 548 1046 580 Sursum
1070 546 1178 577 levant
1201 546 1338 576 animum

963 593 1092 625 Sursum
1119 591 1376 631 contemplantes.

859 670 889 702 2.
915 671 1034 700 Amant
1042 667 1210 708 Christum,
1220 666 1369 697 mundum
1376 665 1471 696 istum

915 715 1050 747 Prorsus
1067 716 1230 753 spernunt,
1249 713 1322 752 quia
1339 714 1471 744 cernunt

965 762 1095 793 Penitus

915 808 997 839 Esse
1023 815 1135 839 vanum
1161 808 1193 837 et
1216 803 1394 846 profanum,

920 854 1046 886 Caelum
1057 855 1221 894 quaerunt,
1237 854 1343 883 mente
1353 854 1472 893 gerunt

964 900 1056 933 Dona
1080 899 1182 931 sancti
1206 899 1347 938 spiritus,

863 975 893 1007 3.
920 976 1005 1007 Mira
1029 974 1090 1006 Dei
1114 973 1267 1013 potentia,

920 1022 1006 1060 Quae
1029 1030 1087 1060 per
1112 1020 1221 1051 mundi
1249 1019 1368 1051 debilia

920 1067 1034 1099 Mundi
1059 1066 1136 1099 vicit
1160 1066 1265 1098 fortia.

863 1142 895 1174 4.
920 1141 1026 1173 Naves
1049 1141 1224 1180 scandunt,
1250 1148 1306 1171 ore
1327 1139 1473 1179 pandunt

966 1187 1104 1219 Laudem
1130 1187 1273 1228 creatori,

921 1236 1008 1266 Inter
1032 1233 1135 1265 undas
1159 1234 1257 1264 maris
1282 1233 1416 1265 mundas

922 1282 1036 1314 Preces
1063 1280 1179 1322 dicunt,
1206 1279 1397 1311 benedicunt

969 1327 1113 1359 Omnium
1138 1327 1266 1359 rectori.

865 1403 896 1435 5.
926 1401 1045 1441 Gaude,
1070 1405 1173 1433 mater
1198 1401 1341 1439 ecclesia,

969 1448 1102 1487 Oportet
1126 1452 1159 1479 te
1183 1449 1332 1487 gaudere.

922 1495 974 1526 Ad
1000 1495 1156 1526 caelorum
1181 1495 1296 1533 gaudia

968 1541 1115 1580 Virgines
1141 1549 1326 1580 pervenere.

865 1616 895 1649 6.
923 1614 1071 1647 Gaudent
1093 1615 1127 1646 in
1149 1615 1243 1647 caelis
1268 1615 1406 1655 virgines

970 1660 1124 1703 Sociatae‚

922 1708 1008 1747 Quae
1033 1709 1153 1741 Christi
1179 1708 1313 1749 vestigia

968 1755 1116 1787 imitatae

920 1802 1083 1834 Ardenter
1104 1811 1163 1841 pro
1189 1802 1254 1833 eius
1280 1810 1388 1833 amore

921 1847 1111 1888 Sanguinem
1134 1857 1225 1880 suum
1249 1847 1402 1881 fuderunt

920 1895 996 1926 Ideo
1022 1904 1091 1926 cum
1118 1895 1243 1927 Christo
1268 1903 1403 1935 regnare

968 1941 1165 1976 Meruerunt,

1054 2043 1261 2078 Responsoria.

868 2111 900 2141 1.
926 2108 995 2140 Rex
1020 2108 1207 2141 Hunnorum
1231 2110 1346 2150 impius

972 2155 1119 2195 Virgines
1142 2156 1326 2189 trucidavit.

926 2201 1009 2240 Quas
1034 2203 1164 2241 virginis
1189 2201 1273 2235 filius

972 2247 1009 2280 In
1035 2249 1120 2282 caelo
1147 2251 1321 2290 coronavit,

857 2294 895 2327 V.
927 2294 1072 2327 Christus
1099 2296 1241 2336 dilectas,

973 2342 1123 2374 virtutum
1150 2343 1284 2377 culmine
1309 2348 1418 2379 tectas,
