1655 2534
664 99 893 135 *25-

198 193 412 226 Tunsionibus
437 194 549 235 polita,
879 196 916 228 In
944 204 1058 228 corona
1082 196 1154 227 Iesu
1177 197 1248 235 sita,

246 240 331 284 Vita,
356 241 453 281 signis
475 242 657 282 splendida,
926 242 993 273 Nos
1016 242 1051 273 in
1075 242 1199 276 Christo
1226 243 1339 277 solida.

200 307 252 334 Bei
271 304 420 334 Abschrift
439 305 535 333 dieser
552 306 689 334 Historia
707 306 783 335 habe
811 307 860 334 ich
878 305 970 335 leider
989 314 1152 342 vergessen,
1174 307 1222 335 die
1243 307 1345 340 Quelle
1365 308 1425 335 bei-

122 344 256 380 zufflgen,
278 352 331 371 aus
345 343 396 370 der
407 344 451 370 sie
462 345 614 380 geschopst
626 346 674 372 ist.
687 358 726 363 —
738 345 773 372 In
786 344 880 372 Laud.
896 342 918 371 Α
933 342 959 378 2,
974 343 994 371 4
1013 347 1101 379 caput
1113 346 1301 379 imperiorum
1314 346 1368 373 Hs.
1388 360 1423 364 —

125 380 147 408 Α
168 381 195 414 5,
215 379 234 409 3
254 381 476 417 supplaniautes
496 381 623 409 Domino
641 382 695 410 Hs.

541 473 595 504 δῖ).
624 473 667 504 De
688 475 798 505 saneta
817 473 1007 513 margareta.

263 543 310 575 In
336 543 366 575 1.
392 543 611 582 vesperis.
945 543 1006 575 Ad
1029 542 1294 574 Matutinum.

308 635 402 672 Super
420 636 562 664 Psalmos.
1008 626 1222 655 Invltatorium-

873 692 914 724 In
935 693 1064 725 laudem
1088 693 1208 726 Christi

922 748 992 770 cum
1016 739 1131 780 linguis
1157 741 1253 772 corda
1275 740 1425 780 levemus,

874 786 1058 827 Margareta
1081 786 1187 826 polum

921 836 1093 871 penetrans
1105 833 1228 874 iubilat‚
1245 833 1424 865 iubilemus.

122 714 162 745 A.
195 712 316 752 Gaude,
344 712 482 751 caelum,
508 715 603 752 terra,
630 713 747 751 plaude

194 760 312 791 Plausu
338 755 460 802 [novo]‚
486 767 568 790 nova
592 759 687 791 laude

240 805 355 838 Lauda
376 813 485 845 regem
509 805 638 845 gloriae,

193 852 252 892 Qui
276 854 350 892 post
373 851 479 883 brevis
504 852 589 883 vitae
610 855 725 884 metam

189 900 229 932 In
253 898 386 938 perenni
410 899 627 938 Margaretam

239 945 416 978 Collocavit
439 946 557 984 requie.
936 935 980 967 In
1008 936 1039 968 1·
1065 935 1292 968 Nocturn0-

312 1039 358 1066 Aa
375 1036 554 1074 magnificat¹
1014 1018 1208 1054 Antiphouae.

814 1086 845 1118 1.
873 1085 956 1118 Urbs
981 1084 1059 1118 felix
1082 1085 1262 1124 Antiochia,

920 1132 1007 1170 Quae
1029 1132 1244 1173 Margaretam
1268 1131 1386 1173 genuit,

873 1179 967 1211 Cuius
991 1187 1050 1219 per
1074 1179 1160 1212 orbis
1184 1179 1289 1219 spatia

919 1226 1026 1258 Virtus
1050 1231 1087 1259 ut
1110 1227 1157 1259 sol
1183 1226 1318 1258 emicuit.

118 1109 159 1140 A.
187 1107 267 1148 Ave,
294 1106 387 1138 stella
410 1105 548 1147 radiosa,

240 1153 340 1186 Stella
364 1153 435 1184 luce
461 1151 585 1192 clarior,

190 1201 374 1240 Margareta
395 1199 546 1239 pretiosa,

241 1246 394 1284 eamme,
419 1254 497 1278 auro
523 1245 650 1285 clarior,

191 1295 288 1334 Virgo
314 1301 408 1325 carne
431 1301 593 1334 generosa,
816 1284 848 1314 2·
873 1281 925 1313 EX
948 1285 1042 1336 ΡῧιἙΓΘ
1066 1282 1254 1336 Τῖἰθθᾶῡξίξ),

235 1340 318 1373 Fide
342 1339 556 1382 spectabilior,
917 1329 1104 1361 Patnarcha
1126 1330 1299 1370 gentilium,

190 1388 341 1420 Passione
365 1387 510 1428 gloriosa,
872 1375 948 1407 Ritu
975 1376 1084 1429 <li-Spar
1108 1386 1129 1429 ἃς
1150 1377 1254 1414 patrio
1273 1423 1280 1429 ⁰

236 1434 363 1467 Meritis
387 1433 610 1476 praestantior,
919 1422 1030 1455 Carnis
1056 1423 1147 1454 duint
1172 1423 1345 1456 exordmm.

189 1481 300 1523 Nobis,
325 1483 450 1521 martyr
473 1479 622 1522 gratiosa,
814 1480 844 1513 3.
873 1478 986 1518 Coepit
1008 1482 1042 1510 in
1066 1478 1204 1517 pueritia

236 1530 375 1561 Patrona
398 1527 591 1567 clementior,
916 1526 1072 1559 Mundum
1097 1525 1216 1557 munda
1241 1525 1406 1566 despicere

187 1576 238 1608 Sit
261 1576 304 1607 ad
327 1584 424 1615 regna
443 1574 595 1615 gaudiosa
870 1570 1002 1616 [At]que
1022 1571 1112 1604 facta
1134 1572 1277 1605 salubria

238 1623 357 1656 semita
380 1621 531 1654 securior.
700 1636 706 1639 -
919 1619 1030 1652 Cordis
1055 1620 1088 1651 in
1113 1628 1188 1652 arca
1214 1620 1361 1653 condere.

193 1688 275 1716 Orai.
294 1696 348 1715 ms.
368 1687 537 1714 Dorotheae
555 1686 593 1714 de
609 1685 803 1713 Mittelhusen
822 1686 892 1712 anni
907 1682 989 1712 1449.
1011 1684 1083 1712 Clm.
1096 1686 1249 1712 Monacen.
1265 1682 1300 1712 10
1309 1683 1375 1713 930.
1388 1699 1427 1704 —

117 1728 159 1755 In
181 1726 205 1754 1.
227 1723 333 1761 Vesp.
361 1722 382 1752 R
409 1724 541 1759 Quadam
572 1724 620 1751 die
639 1723 777 1759 Olybrius
807 1725 861 1750 ete.
884 1737 918 1741 -—
936 1722 983 1750 Ad
1001 1722 1100 1758 Magn.
1118 1721 1150 1755 Α,
1171 1721 1188 1749 ’7
1206 1723 1368 1751 Passionis.
1390 1738 1426 1742 —

119 1764 196 1792 Ibid.
215 1762 234 1792 8
258 1764 466 1799 praestantiae.
493 1776 529 1780 ——
556 1761 602 1790 Ad
627 1761 738 1797 Compl.
764 1760 786 1787 Α
811 1761 980 1796 Margareta
1007 1757 1179 1797 [caelorum]
1202 1762 1286 1796 virgo
1313 1763 1427 1788 secreta

119 1805 172 1830 eto.
198 1817 236 1821 —
262 1802 305 1829 In
329 1799 356 1828 1.
390 1801 497 1828 Noni.
530 1798 553 1826 Α
579 1797 605 1832 1,
626 1797 644 1826 3
673 1800 809 1836 spaiium.
833 1814 872 1819 —
896 1798 978 1826 Alles
1001 1799 1121 1826 weitere
1148 1798 1310 1834 prosaisch.
1353 1799 1425 1826 Zum

119 1839 255 1868 Officium
286 1839 414 1874 gehoren
452 1839 501 1865 die
531 1838 680 1873 Hymuen:
713 1837 750 1864 Iu
784 1835 808 1864 1.
842 1837 943 1873 Vesp.:
978 1836 1111 1864 Gaudeat
1142 1836 1247 1864 chorus
1279 1837 1427 1872 vii-gitium

116 1877 213 1914 (Anal.
233 1877 349 1912 xxm,
371 1874 452 1912 229);
478 1875 515 1902 ad
539 1876 637 1904 Noct.:
662 1876 735 1903 Dies
760 1875 860 1903 illuxit
886 1874 987 1911 gaudii
1011 1872 1122 1910 (Ibid.);
1149 1874 1186 1902 ad
1200 1874 1334 1902 Laudes:
1362 1874 1426 1901 Sol-

120 1917 227 1945 lemnis
250 1915 312 1943 dies
331 1916 481 1950 virginum
497 1911 595 1949 (Anal.
614 1913 666 1947 IV,
687 1910 763 1948 194).

451 2007 477 2038 6.
507 2006 550 2038 De
570 2007 679 2038 sancta
699 2004 881 2045 Margareta
898 2003 1087 2045 Hungarica.

257 2078 304 2112 111
332 2079 361 2112 1.
387 2077 607 2118 vesperis.
990 2074 1037 2102 Ad
1055 2072 1235 2109 Magnificat.

801 2124 841 2159 A.
871 2122 966 2155 Felix
989 2123 1095 2162 plane,

297 2162 392 2199 Super
410 2162 555 2191 Psalmos.
918 2168 997 2202 felix
1021 2177 1080 2209 1³01·
1105 2168 1219 2210 omnia,

115 2225 157 2258 A.
186 2222 367 2255 Iucundare
392 2229 432 2255 ex
454 2220 584 2253 novella
870 2217 998 2249 Summa
1022 2224 1148 2256 semper

235 2269 341 2302 Floris
369 2268 489 2300 caelum
511 2267 668 2307 plantula,
919 2264 1036 2297 ducens
1061 2262 1198 2305 fastigia,

188 2318 284 2352 Cuius
307 2317 399 2357 vigor
425 2315 528 2348 carnis
553 2314 640 2348 bella
869 2313 968 2352 Quam
992 2314 1139 2344 terrenae

235 2361 359 2409 [Prece]
385 2363 501 2399 stravit
523 2362 645 2395 sedula.
919 2361 1052 2392 stemma
1078 2359 1263 2400 propaginis
