1655 2534
686 78 942 113 —323—

241 167 306 198 244.
336 171 536 199 Vincentii
563 172 673 201 levitae
692 176 722 200 et
739 175 884 209 martyris,
906 172 950 200 22.
970 175 1033 202 Ian.
1054 171 1115 210 [fol.
1130 171 1210 210 67a].
1241 175 1318 203 Zwei
1338 174 1387 209 ΑΛ,
1408 184 1467 203 von

165 207 259 234 denen
289 209 465 236 zweifelhaft
491 210 591 243 bleibt,
620 212 655 239 ob
677 212 720 238 sie
740 213 832 239 einem
853 211 1070 247 rhythmischen
1091 211 1224 240 Officium
1245 213 1375 240 entlelint
1394 213 1467 247 sind,

163 245 231 272 weil
251 246 299 273 die
318 247 421 273 zweite
441 247 594 275 derselben
614 250 667 276 auf
682 249 760 276 viele
783 249 903 284 Heih'ge
923 249 1096 286 angewantlt
1115 249 1268 278 erscheint.

165 291 201 318 A.
225 291 408 328 Purpuratur
428 294 553 322 ecclesia
847 295 882 323 A.
910 296 980 331 Ave,
1000 298 1109 330 martyr
1129 296 1265 332 gloriose,

266 329 417 366 Sanguine
435 331 586 359 Vincentii
904 334 965 361 Ave
986 334 1066 361 sidus
1086 335 1146 360 iam
1166 333 1295 361 caeleste

225 365 378 395 Rutilante
398 376 449 403 per
467 369 553 396 varia
903 372 1061 404 Decorans,
1081 371 1226 405 Vincenti,
1247 372 1367 404 caelum,

263 404 376 433 Genera
396 406 543 441 supplicii,
902 409 963 436 Nos
983 409 1114 444 guberna
1132 410 1231 436 visens
1252 409 1380 442 humum,

225 442 318 475 Q,uem
337 451 398 470 non
417 443 497 471 flexit
516 446 655 480 angustia
906 447 968 480 Quo
989 447 1129 473 laetemur
1149 446 1370 481 triumphantes,

263 480 383 508 Cruenti
402 482 545 517 martyrii.
904 484 947 510 Te
967 487 1121 519 patronum
1140 486 1323 511 venerantes.

244 553 309 583 245.
329 557 538 590 Vincentii,
567 557 675 585 ordinis
695 557 948 594 Praefflcatorum,
975 557 1001 586 5.
1021 559 1091 593 Apr.
1119 556 1179 594 [foL
1202 556 1255 585 149
1264 556 1304 594 b.]
1333 558 1410 586 Zwei
1431 558 1471 584 ΑΑ

168 592 206 620 ad
225 593 325 629 Magn.
346 592 372 621 2.
393 594 481 630 Vesp.
501 595 561 622 und
582 595 600 620 Α
624 593 638 622 1
662 596 712 623 der
732 593 760 623 3.
782 596 866 624 Noct.
888 604 941 623 aus
961 596 1025 624 clem
1045 595 1179 624 Officium
1200 596 1284 623 Anal.
1305 597 1339 630 V,
1353 597 1405 624 Nr.
1426 594 1471 623 91.

244 666 309 696 246.
329 669 564 697 Visitatonis
586 670 617 697 B.
639 671 679 697 M.
700 670 734 696 V.
763 668 789 697 2.
809 671 879 698 Iulii
906 668 967 706 [fol.
996 667 1095 706 171b].
1139 671 1201 698 Das
1231 668 1251 696 R
1280 670 1304 698 Ο
1324 671 1475 706 praeclara

167 705 254 734 stella
273 708 362 734 maris
381 708 434 734 etc.
456 706 543 735 Anal.
564 707 672 741 XXIV,
693 706 722 734 S.
743 706 782 735 94
801 709 871 736 aber
891 709 935 735 als
958 708 977 734 Α
997 707 1174 736 bezeichnet.

244 780 309 809 247.
328 783 546 819 walburgis
570 784 695 819 virginis
718 786 747 810 et
770 784 930 818 abatissae,
953 783 977 811 1.
997 784 1071 812 Maii
1093 781 1153 819 [fol.
1175 781 1210 811 65
1219 780 1257 819 a].
1297 784 1358 811 Aus
1378 784 1472 810 einem

169 819 380 848 unbekannten
402 820 551 848 Officium:

170 867 235 894 Inv-
255 867 330 902 Regi
350 875 517 902 sponsoque
535 868 682 902 virginum
851 867 886 895 A.
910 868 1080 896 Hodiernae
1097 869 1170 896 lucis
1192 869 1346 896 sollemnia

255 904 366 932 Iubilet
385 904 469 939 plebs
488 904 617 932 fidelium
912 905 1125 941 Congauclendo
1147 906 1225 934 colat
1247 907 1377 939 ecclesia,

253 942 289 969 In
309 942 365 969 hac
385 950 511 977 sponsae
531 943 678 976 memoria,
909 943 975 976 Qua
993 943 1163 978 Walburgis
1184 946 1271 970 exuta
1290 951 1411 978 corpore

256 980 350 1014 Quam
371 982 524 1007 coronavit
542 980 647 1015 gloria.
909 980 1092 1016 Triumphali
1114 981 1223 1008 ditatur
1242 989 1368 1008 munere.

168 1026 342 1054 Ausserdem
356 1027 403 1054 ein
418 1026 601 1062 prosaisches
614 1024 644 1053 R.
679 1026 838 1054 Vielleicht
849 1034 947 1053 waren
961 1027 1023 1054 also
1039 1026 1086 1053 die
1098 1026 1138 1052 ΑΑ
1152 1027 1202 1054 des
1214 1026 1361 1054 Officiums
1377 1027 1475 1062 rhyth-

169 1064 273 1099 misch,
294 1064 342 1093 die
364 1062 408 1090 BR
429 1064 518 1092 nicht.

246 1138 312 1167 248.
331 1140 553 1168 Wenzeslai
573 1142 723 1176 martyris,
751 1138 797 1168 28.
819 1140 897 1175 Sept.
925 1137 987 1176 [fol.
1010 1137 1103 1176 198a].
1144 1140 1184 1167 ΛΑ
1205 1140 1242 1167 ad
1260 1141 1359 1177 Magn.
1381 1140 1431 1168 der
1451 1139 1477 1168 1.

168 1177 230 1206 und
252 1176 278 1204 2.
298 1178 388 1213 Vesp.
409 1186 462 1206 aus
483 1178 548 1206 dem
568 1177 702 1206 Officium
722 1178 807 1206 Anal.
827 1179 863 1211 V,
878 1178 929 1206 Nr.
951 1176 1001 1213 963
1021 1177 1141 1206 letztere
1159 1178 1177 1204 Α
1199 1177 1242 1205 als
1258 1176 1278 1204 R
1298 1178 1473 1206 bezeichnet.

245 1252 310 1282 249.
331 1254 534 1286 Weomadi‚
556 1255 686 1290 episcopi
704 1254 898 1288 Trevirensis,
918 1251 945 1281 8.
965 1254 1040 1281 Nov.
1061 1250 1121 1289 [fol.
1136 1251 1243 1290 210b]:

568 1300 738 1334 Weomade,
762 1300 878 1336 praesul
897 1301 964 1333 Dei,

568 1339 605 1366 In
627 1340 756 1374 peccatis
775 1340 900 1366 multum
919 1340 970 1372 rei,

570 1376 630 1404 Nos
650 1379 740 1410 tuere,
761 1379 790 1404 ‘te
809 1384 969 1412 precamur,

568 1414 603 1441 In
622 1415 786 1451 gehennam
805 1423 842 1442 ne
864 1413 1012 1448 ducamur,

570 1452 629 1480 Sed
647 1461 700 1488 per
719 1454 772 1479 tua
790 1451 942 1487 praeclara
960 1452 1065 1479 merita

569 1490 768 1518 Perducamur
787 1490 824 1517 ad
843 1490 923 1517 vitae
942 1490 1059 1525 gaudia.

243 1565 307 1595 250.
334 1566 416 1594 Wib
427 1574 461 1593 er
470 1567 512 1599 ti,
540 1565 675 1594 monachi
702 1567 731 1592 et
755 1565 947 1600 confessoris,
974 1563 1020 1593 23.
1040 1565 1115 1592 Maii
1139 1562 1200 1601 [fol.
1223 1562 1323 1600 161b].
1362 1564 1438 1591 Eine
1458 1564 1477 1590 Α

167 1607 246 1638 eines
270 1605 477 1632 unbekannten
498 1602 656 1639 Officium,
674 1603 830 1639 jedenfalls
851 1603 888 1631 ad
907 1602 1090 1639 Magnificat:

338 1654 373 1680 A.
398 1651 613 1688 Magnjfieando
634 1651 731 1679 Deum
750 1651 915 1679 Wibertum
937 1649 1168 1686 magnificemus,

398 1689 509 1725 Mag-na
527 1689 623 1717 Deum
641 1689 765 1723 dantem,
784 1690 951 1717 Wibertum
970 1696 1078 1725 magna
1096 1689 1261 1716 merentem.

398 1726 504 1754 Sancte
523 1727 665 1761 Wiberte,
686 1728 754 1760 tuis,
776 1735 900 1760 oramus,
921 1729 955 1754 ut
975 1726 1136 1754 auxilieris.

247 1799 311 1829 251.
332 1801 507 1829 Widonis
535 1801 719 1834 confessoris,
748 1799 792 1828 12.
810 1802 890 1838 Sept.
918 1798 981 1837 [fol.
1009 1798 1111 1837 238a].
1150 1800 1298 1837 Folgende
1315 1801 1407 1829 Verse
1427 1810 1479 1828 un-

168 1840 325 1878 gewissere
342 1840 557 1876 Bestimmung:

228 1888 300 1920 Ave,
322 1889 423 1915 sancte
442 1888 602 1923 peregrine,
911 1888 953 1915 Te
972 1890 1127 1923 patronum
1150 1894 1218 1913 nam
1239 1886 1360 1914 donavit

224 1925 323 1959 Wido,
343 1925 424 1952 vitae
444 1927 476 1952 tu
497 1925 616 1952 divinae
913 1925 1006 1953 Nobis
1026 1925 1115 1958 Deus,
1137 1932 1222 1959 quem
1243 1924 1356 1951 dotavit
1418 1936 1440 1945 ν

263 1963 426 1999 Exemplar
446 1965 476 1990 et
493 1962 655 1996 flosculum,
950 1960 1138 1999 Perpulchris
1159 1962 1316 1996 miraculis,

228 2003 272 2030 Te
293 2002 421 2029 colentes
442 2001 488 2028 fac
507 2001 609 2030 ruinae
914 2002 997 2037 Fuga
1016 2001 1119 2034 scelus,
1141 1999 1219 2036 quod
1237 2008 1291 2027 nos
1312 2001 1425 2027 stravit.

226 2040 272 2068 Ne
292 2039 417 2072 subsint,
438 2039 490 2066 sed
512 2039 576 2067 sine
595 2038 654 2066 fine
913 2039 1014 2066 Vitam
1033 2038 1136 2073 pande,
1157 2045 1233 2074 quae
1253 2039 1282 2065 te
1301 2038 1384 2073 pavit

266 2078 402 2114 Regnent
421 2079 488 2112 post
507 2077 562 2105 hoc
582 2077 739 2105 saeculum.
951 2077 1093 2112 Ereptum
1114 2076 1150 2103 de
1171 2075 1302 2103 maculis.

245 2150 312 2180 252.
333 2150 541 2184 wilhelmi,
563 2151 777 2187 archiepiscopi
796 2151 994 2179 Eboracensis
1016 2151 1045 2178 et
1064 2150 1253 2184 confessoris,
1278 2148 1305 2177 8.
1325 2151 1417 2186 Iunii,
1446 2150 1474 2179 1‘

168 2189 232 2227 [fol.
254 2187 291 2217 82
299 2187 339 2225 b].
381 2189 444 2216 Nur
465 2190 530 2217 eine
549 2190 719 2224 prosaische
739 2190 772 2225 ¹³3
795 2198 842 2217 am
861 2189 975 2217 Raude:

600 2237 624 2265 O
645 2237 763 2272 praesul
782 2236 941 2265 wilhelme
961 2237 1019 2272 pie,

601 2276 669 2311 Fae,
688 2284 743 2304 nos
762 2284 815 2311 per
834 2283 934 2312 preces
954 2274 1067 2302 Mariae

602 2314 646 2342 Ut
663 2314 746 2341 finito
771 2313 843 2341 duro
864 2312 912 2340 die

658 2353 819 2387 Iungamur
839 2351 876 2379 ad
895 2350 1012 2387 gaudia.

1243 2396 1307 2426 21*
