1655 2534
667 96 902 132 -39-

326 191 389 223 Ad
412 191 560 227 Horas

342 266 388 293 Ad
406 266 544 294 Primam.

133 325 174 355 A.
207 323 232 356 O
257 325 353 355 testes
378 323 508 364 Christi,

250 370 339 410 plebi
363 371 541 402 succurrite
565 371 659 411 tristi,

204 417 251 450 Ut
271 419 376 457 captet
401 417 525 450 veniam

249 464 363 497 vestris
387 464 572 504 meritisque
600 464 753 504 sophiam.

345 538 391 566 Ad
409 539 547 566 Tertiam.

166 622 172 628 .
204 595 323 627 Summi
346 596 529 628 mandatum

248 642 418 683 firmatum,
442 639 676 683 magnificatum

202 688 303 720 Duxit
327 690 369 721 ad
392 692 531 730 aeterna,

249 745 307 767 nos
329 736 458 776 iungite,
486 737 569 768 dona
592 743 738 774 superna.

1026 191 1072 220 Aa
1090 190 1216 219 Sexiam.

814 274 854 305 A.
885 273 987 306 Caelis
1011 273 1122 305 laetati

932 329 986 353 vos
1012 319 1087 351 estis
1111 318 1290 359 glorificati,

884 368 963 400 Post
985 367 1070 399 vitae
1092 374 1218 398 cursum

931 414 1079 454 precibus
1096 421 1153 444 nos
1170 413 1283 444 sumite
1299 422 1431 447 sursum.

1027 515 1072 544 Ad
1091 515 1213 543 Nonam.

814 596 853 627 A.
884 595 1048 628 Ecclesiae
1070 595 1154 627 natis

933 643 1053 674 eunetis
1078 643 1220 674 oramina
1238 642 1338 682 gratis

883 689 1072 730 Magnificae
1094 689 1208 721 vestris

929 736 1113 777 impendite,
1132 745 1202 767 cum
1219 736 1330 776 quibus
1343 736 1429 768 estis.

209 799 279 827 Ood.
300 799 331 828 S.
350 800 432 827 Petri
452 799 652 834 Salisburgen.
672 806 691 826 a
709 799 752 827 VI
771 797 808 826 52
828 808 903 827 saec.
926 798 970 827 15.

592 917 633 950 13.
665 918 709 949 De
728 917 836 949 sancto
856 917 964 948 Mario.

267 1008 312 1040 In
340 1007 370 1040 1.
396 1007 615 1047 Vesperis.

316 1081 362 1109 Ad
381 1080 559 1117 Magnificat.

163 1165 170 1173 ,
200 1137 440 1178 Magnificemus
464 1138 643 1176 Dominum,

200 1185 343 1226 Virginis
368 1185 478 1217 matris
503 1184 615 1227 filium,

201 1232 262 1271 Qui
283 1233 463 1271 praesulem
487 1231 683 1271 magnificum

199 1278 419 1319 Magnificavit
441 1278 590 1311 Marium.

266 1419 327 1451 Ad
352 1419 619 1452 Matutinum,

332 1493 547 1520 Invitatorium.

196 1551 321 1592 Venite,
335 1551 502 1583 adoremus
515 1559 622 1591 regem
631 1557 749 1590 regum,

197 1599 256 1638 Qui
280 1598 459 1638 praesulem
484 1598 656 1638 gloriosum

197 1644 417 1686 Magnificavit
439 1645 589 1678 Marium.

262 1787 310 1820 In
336 1787 368 1820 1.
393 1786 625 1819 Nocturno.

339 1861 534 1897 Antiphonae.

161 1943 169 1953 .
194 1919 233 1951 In
257 1919 328 1959 lege
351 1918 479 1950 Domini

241 1975 322 2007 puer
346 1966 488 2006 egregius

196 2014 333 2046 Studere
356 2013 458 2046 voluit

243 2061 354 2093 diebus
380 2062 412 2092 et
434 2061 579 2093 noctibus

194 2109 239 2141 Et
262 2108 399 2141 fructum
423 2108 559 2149 protulit

241 2156 307 2188 suis
331 2155 539 2196 temporibus.

160 2240 167 2249 ,
191 2212 378 2254 Disciplinis
404 2212 547 2245 eruditus

191 2260 254 2293 Est
275 2260 309 2292 in
333 2262 441 2292 monte
465 2260 663 2298 constitutus,

192 2308 239 2341 Ut
261 2310 387 2348 regeret
411 2307 578 2339 ecelesiam

191 2356 236 2388 Et
258 2357 406 2396 pasceret
430 2354 594 2390 familiam.

823 1007 854 1039 3.
880 1005 952 1036 Non
977 1004 1105 1044 expavit
1126 1004 1235 1044 populi

880 1051 1054 1084 Saevientis
1078 1051 1176 1093 milia,

881 1098 975 1131 Cuius
998 1098 1087 1130 Deus
1112 1098 1197 1129 salus
1223 1103 1281 1139 est,

880 1145 1052 1185 Susceptor
1076 1147 1107 1175 et
1129 1145 1241 1184 gloria.

1019 1229 1226 1263 Responsoria.

844 1321 852 1329 .
877 1295 1069 1328 Clarissimis

925 1345 1012 1374 ortus
1036 1341 1221 1382 parentibus

876 1389 939 1420 Hic
961 1388 1145 1429 praeclarus

927 1434 1089 1467 confessor
1111 1435 1233 1467 Marius

878 1482 974 1515 Velut
997 1482 1085 1514 sidus

924 1528 1049 1569 fulgens
1074 1528 1235 1571 apparuit,

876 1575 961 1608 Dum
984 1575 1124 1609 moribus

927 1626 960 1655 et
983 1623 1049 1656 vit-a
1073 1622 1198 1662 claruit,

838 1695 845 1702 .
875 1671 915 1703 111
938 1670 1109 1702 Lausanna
1133 1669 1262 1702 civitate

876 1717 982 1751 Fulsit
1004 1718 1089 1750 vitae
1113 1717 1162 1749 vir
1186 1716 1308 1750 beatae.

843 1801 850 1808 .
875 1774 914 1806 In
937 1774 1050 1815 primis
1075 1773 1165 1804 annis
1190 1773 1313 1805 art-ibus

875 1821 1018 1853 Edootus
1042 1820 1227 1853 liberalibus

875 1868 921 1900 Et
942 1867 1078 1901 florebat
1100 1867 1235 1907 ingeniis

873 1915 942 1948 Nec
965 1914 1150 1948 subiacebat
1172 1914 1267 1954 vitiis,

835 1988 843 1997 .
871 1962 988 1996 Nullus
1014 1963 1044 1995 ei
1067 1962 1179 1994 similis

875 2012 915 2044 In
938 2011 1003 2044 suis
1029 2009 1217 2043 coaetaneis.

841 2092 849 2100 .
874 2067 1039 2108 Dignitate
1065 2066 1233 2098 clericatus

874 2114 938 2147 Diu
962 2115 1044 2147 bene
1069 2114 1273 2146 conversatus

874 2162 937 2194 Per
961 2162 1023 2194 Dei
1047 2159 1281 2201 providentiam

876 2209 930 2241 Ad
954 2207 1127 2249 regendam
1152 2207 1317 2239 ecclesiam

922 2255 1132 2294 Sublimatur3

836 2332 843 2339 .
873 2304 1000 2337 Placuit
1024 2302 1107 2335 enim
1131 2301 1199 2334 Deo

872 2351 918 2384 Et
941 2351 1087 2383 inventus
1113 2352 1162 2381 est
1184 2349 1295 2383 iustus.
