1655 2534
715 159 759 164 —
805 140 872 174 238
922 161 967 165 -—

206 240 238 271 3.
264 238 352 269 Haec
377 240 463 266 casta
487 235 647 274 generatio

310 282 368 315 Pie
391 282 558 313 Dominum
583 281 724 323 requirit,

314 329 453 360 Montem
478 328 627 359 caelicum
652 328 788 367 acquirit

267 376 328 408 Sed
353 383 463 414 magno
490 383 557 405 cum
583 374 709 407 solacio.

397 448 600 482 Responsoria.

210 507 240 539 1.
268 506 377 538 Ortum
403 504 518 535 ducens
542 504 662 542 regium

314 550 397 581 Nata
421 550 610 589 baptizatur,

268 597 329 630 Dei
354 605 412 635 per
434 597 631 636 praesagium

313 643 430 674 Ursula
453 647 593 684 vocatur,

269 689 347 729 Quia
370 698 481 728 magna
507 690 618 720 virium

316 736 382 767 lam
407 736 667 781 praevidebatur3

195 783 235 815 V.
264 783 334 815 Eva
357 786 457 812 mater
480 786 674 824 procreatur,

267 828 344 861 Viro
369 837 423 859 suo
448 832 667 867 praesentatur

266 877 370 913 Atque
394 875 501 914 virago
528 880 666 907 vocatur.

212 933 244 963 2.
269 931 423 962 Venustas
447 931 580 969 pulchra
604 932 740 964 Ursulae

313 975 506 1007 Diffunditur
530 986 588 1015 per
613 978 746 1020 climata,

269 1018 399 1066 [Filius]
426 1022 519 1061 Regis
544 1024 678 1063 Angli-ae

315 1068 460 1108 Requirit
483 1069 560 1100 haec
586 1070 737 1110 coniugia,

269 1114 333 1146 Sed
358 1113 464 1145 florem
489 1116 661 1153 pudicitiae

313 1160 424 1191 Servat
447 1161 566 1193 habens
590 1162 721 1205 iocalia3

195 1205 236 1239 V.
268 1206 404 1239 Pulchra
427 1208 518 1238 nimis
541 1208 713 1249 adamatur,

267 1253 344 1284 Sera
375 1261 441 1283 cum
466 1255 693 1293 peregrinatur,

267 1299 336 1330 Viri
360 1299 484 1330 domum
508 1303 751 1340 transportatur.

210 1356 240 1387 3.
266 1354 422 1385 Maestum
447 1359 568 1394 patrem
595 1358 774 1389 consolatur

315 1400 411 1439 Virgo
435 1402 573 1440 prudens
599 1403 725 1445 Ursula‚

266 1446 361 1485 Regis
386 1451 457 1478 voto
483 1453 647 1489 annuatur,

313 1492 446 1524 Simulat
469 1496 637 1535 sponsalia,

266 1539 336 1570 Nou
363 1541 488 1571 terrena
517 1538 618 1584 [haec]
652 1546 806 1583 causatur,

310 1581 403 1628 [Sed]
430 1586 501 1617 diva
525 1596 583 1626 per
607 1590 751 1629 saecu1a3

198 1632 236 1663 V.
265 1631 409 1663 Rebecca
433 1633 532 1664 tradit
555 1635 700 1672 poculum

316 1678 392 1708 Viro
419 1683 449 1708 et
473 1679 617 1711 iumentis

267 1724 426 1762 Paratque
451 1725 619 1764 hospitium

314 1769 357 1800 Et
381 1770 459 1801 lenit
482 1772 713 1805 blandimentis.

324 1910 369 1941 ln
396 1912 427 1944 2.
452 1911 676 1945 Nocturno.

407 1984 600 2019 Antiphonae.

210 2041 241 2074 1.
266 2041 416 2073 Dextram
443 2043 543 2073 tenuit
566 2044 674 2083 regina

313 2086 426 2127 Spreta
450 2090 599 2131 vanitate,

266 2134 393 2166 Ardens
421 2132 567 2180 [flamma]
596 2137 774 2170 Cherubina

318 2181 413 2212 Plena
438 2183 600 2215 varietate.

209 2228 239 2259 2.
265 2228 406 2267 Impetus
432 2238 489 2268 per
512 2228 672 2262 fluminum

266 2274 363 2305 Ducit
387 2278 520 2307 turmam
548 2278 712 2319 virginum,

264 2320 375 2351 Trahit
399 2323 439 2353 ad
465 2325 676 2362 spectaculum

264 2367 394 2399 Laetum
420 2374 538 2401 coetum
565 2373 710 2406 omnium.

879 236 910 267 3.
936 234 1069 265 Iactavit
1095 233 1300 265 fundamenta

983 282 1021 312 In
1045 284 1151 312 monte
1177 281 1304 312 deitatis

938 327 1125 367 Sprevitque
1150 327 1289 359 fomenta

985 374 1157 413 Babylonis
1184 375 1331 407 civitatis,

1074 448 1280 482 Responsoria.

880 507 911 537 1.
936 505 1095 536 Aetherea
1119 505 1298 535 aethereum

984 551 1076 583 Iubet
1097 551 1252 589 baptizari

937 598 979 629 Et
1004 597 1129 628 turbam
1153 597 1283 628 multam
1308 598 1466 637 virginum

981 645 1089 676 Poscit
1112 644 1173 675 sibi
1200 645 1279 683 dari,

938 693 983 722 At
1006 691 1062 721 ille
1082 691 1189 722 subdit
1214 691 1361 731 animum,

982 737 1027 769 Ut
1051 738 1151 776 possit
1177 738 1337 778 copulari3

867 784 904 816 V.
934 784 1053 815 Rachel
1078 784 1193 816 meruit
1218 785 1316 815 amari

936 831 980 862 Et
1003 840 1022 861 a
1048 831 1114 861 viro
1140 831 1332 869 praedotari,

936 877 1037 908 Decet
1059 877 1147 908 illum
1165 877 1337 917 subiugari.

879 934 911 965 2.
936 933 1057 972 Agmen
1086 933 1172 964 ducit
1196 933 1350 972 virginum

981 979 1106 1011 Caelica
1130 979 1246 1021 regina,

937 1026 1046 1065 Fingit
1070 1024 1174 1065 fugam
1198 1027 1324 1057 navium

982 1072 1134 1110 Bellaque
1157 1072 1288 1111 marina,

936 1117 996 1148 Est
1020 1122 1051 1148 et
1075 1118 1134 1149 hoc
1159 1119 1359 1157 praeconium

983 1164 1091 1195 Gloria
1118 1165 1241 1205 divina3

867 1210 903 1243 V.
935 1210 1036 1241 Maria
1063 1211 1170 1250 pulsat
1193 1215 1379 1250 tympanum

979 1257 1063 1288 Mari
1085 1258 1300 1297 transvadato,

935 1303 1115 1343 Laudisque
1139 1308 1229 1335 sonat
1256 1305 1411 1336 canticum

981 1350 1082 1381 Hoste
1105 1350 1167 1382 iam
1192 1355 1362 1390 prostrato.

878 1406 912 1436 3.
938 1404 1001 1435 Sub
1027 1406 1143 1437 vexillo
1168 1408 1350 1446 angelorum

983 1450 1057 1482 Cum
1085 1456 1195 1484 catena
1220 1456 1368 1493 puritatis

935 1497 1070 1529 Ductrix
1094 1504 1203 1531 sancta
1228 1502 1420 1541 proeliorum

981 1544 1112 1575 Hostem
1137 1548 1251 1579 sternit
1277 1548 1464 1588 sanctitatis,

935 1589 1023 1621 Haec
1048 1595 1096 1622 est
1119 1593 1226 1632 palma
1248 1603 1435 1633 superorum

980 1636 1025 1668 Et
1049 1638 1139 1669 ruina
1164 1641 1351 1681 pravitatis3

865 1682 903 1713 V.
932 1682 1024 1715 Bella
1048 1686 1148 1723 gentis
1174 1687 1360 1719 Iudaeorum

984 1729 1075 1761 Gerit
1095 1732 1227 1764 Debora
1252 1734 1386 1775 ducissa,

938 1777 1058 1808 Stravit
1081 1787 1193 1818 agmen
1216 1781 1396 1820 iniquorum

983 1824 1026 1855 Et
1050 1829 1097 1856 est
1121 1825 1207 1858 facta
1231 1829 1442 1867 prophetissa.

994 1918 1041 1949 In
1067 1920 1097 1951 3.
1123 1920 1353 1955 Nocturno.

1075 1983 1269 2019 Antiphonae.

880 2038 908 2069 1.
935 2038 1064 2070 Hostias
1089 2049 1184 2079 puras
1209 2042 1321 2082 tollite,

984 2085 1139 2128 Virgines,
1167 2089 1269 2119 lesum
1296 2096 1417 2128 vocate,

984 2132 1109 2164 Christo
1133 2143 1189 2165 vos
1214 2136 1391 2169 sacrificate

935 2178 978 2209 Et
1002 2179 1116 2210 donum
1142 2182 1208 2213 eius
1235 2183 1339 2216 colite.

879 2236 911 2267 2.
938 2235 962 2266 O
987 2244 1043 2267 vos
1068 2239 1235 2270 terrestres
1264 2242 1377 2285 angeli,

981 2283 1084 2314 Iesum
1111 2285 1269 2317 Chiistum
1295 2288 1437 2329 adorate,

981 2329 1044 2367 En,
1071 2331 1111 2362 ad
1136 2332 1215 2363 haec
1240 2335 1316 2366 estis
1342 2341 1473 2371 vocatae

933 2376 994 2407 Pro
1020 2376 1101 2409 festo
1126 2378 1198 2411 Sion
1225 2382 1342 2421 gaudii.
