1655 2534
611 94 869 130 —159—

159 188 258 230 Aegri
284 191 434 221 curantur
458 189 562 230 ocius3

160 235 256 269 Unde
280 235 372 268 nobis
397 236 554 276 propitius

840 189 885 222 Et
909 189 1049 228 eorporis
1074 190 1107 220 et
1129 187 1252 219 animae

843 235 960 270 Confer
984 236 1149 274 medelam,
1175 234 1319 267 Domine.

168 311 254 339 BreV.
275 318 328 338 ms.
347 310 584 339 Emmeramense
604 319 679 338 saec.
704 310 746 339 15.
781 310 851 338 Cim.
872 311 1024 338 Monacen.
1045 307 1081 336 14
1089 306 1151 336 790.
1170 322 1209 327 --
1227 309 1290 335 Das
1310 307 1391 335 Offic.

94 347 205 376 enthalt
231 347 353 375 manche
372 348 600 385 Entlehnungen
623 356 675 376 aus
703 350 766 377 dem
791 346 1056 384 vorhergehenden.
1095 345 1178 372 Aueh
1204 346 1252 373 (lie
1272 343 1318 371 ΑΑ
1339 353 1391 380 per

92 386 200 419 Horas,
222 386 269 413 die
288 385 353 413 hier
373 386 456 413 nicht
473 386 646 414 wiederholt
665 387 739 422 sind,
760 386 826 413 sind
846 385 995 413 dieselben
1014 384 1070 411 wie
1089 383 1161 410 dort.

528 496 573 528 57.
602 496 646 527 De
666 497 775 528 sancta
795 494 944 532 Quiteria.

227 576 274 608 In
301 575 331 608 1.
359 575 576 614 Vesperis.

281 640 327 667 Ad
346 639 525 677 Magnificat.

91 698 131 731 A.
163 696 223 735 Qui
247 700 395 737 potenter
419 705 533 736 magna
557 696 643 736 fecit,

162 744 249 776 Mira
273 744 371 784 signis
395 744 445 775 his
470 743 597 783 adiecit,

161 790 250 822 Deus
274 791 414 830 reginam
442 799 509 821 eum
537 790 674 823 divinam

162 838 212 869 Ac
235 838 389 877 virginem
414 840 478 869 tam
503 837 653 869 humilem

209 885 337 916 Annulo
362 883 574 923 subarrhavit,

163 932 346 973 Quiteriam,
372 934 409 962 ut
432 933 616 962 terrestrem

162 978 272 1010 Virum
297 981 436 1019 spernat,
463 977 520 1008 sed
547 977 715 1009 caelestem

165 1024 321 1065 Sponsum
346 1027 486 1065 quaerat,
512 1022 609 1056 fidem
633 1022 718 1055 ferat

165 1071 258 1105 Nova
281 1073 352 1112 lege
375 1071 502 1112 plebem
527 1080 598 1102 cum
622 1078 696 1109 rege

214 1120 403 1158 Convenae.
423 1126 502 1158 quae
526 1118 653 1158 erravit,

164 1167 264 1206 Quam
288 1168 361 1205 post
386 1166 501 1197 almam

166 1214 219 1246 Ad
246 1213 330 1244 vitae
354 1213 491 1253 palmam

213 1259 392 1292 Transtulit
417 1268 485 1290 cum
510 1258 633 1290 laetitia

167 1306 280 1347 Capite
305 1310 391 1338 secto

164 1353 305 1394 Corpore
329 1356 434 1385 erecto

210 1402 264 1434 Ad
289 1401 378 1432 Petri
400 1398 556 1432 aedificia.

230 1487 259 1518 A
271 1486 292 1517 d
315 1484 583 1518 Matutinum.

298 1545 514 1573 Invitatorium.

169 1600 360 1640 vigilantem
384 1598 544 1630 imitemur

212 1646 386 1686 Quiteriam
409 1646 442 1676 in
466 1644 609 1684 psalmis,

162 1693 298 1734 Hymnis
324 1692 427 1733 dignis
453 1691 660 1731 deprecemur

211 1740 314 1773 Deum
337 1740 420 1771 votis
445 1738 546 1772 almis.

221 1836 267 1868 In
296 1834 326 1867 1.
345 1833 538 1866 Nocturn
552 1841 581 1864 o.

311 1899 505 1936 Antiphonae.

109 1960 140 1993 1.
166 1959 311 1991 Omnium
337 1956 476 1990 formosa

166 2006 265 2047 Virgo
290 2005 391 2046 stirpe
415 2013 577 2045 generosa,

215 2054 282 2086 Nos
307 2053 441 2093 respice,
469 2051 620 2091 Quiteria,

168 2101 285 2142 Sponsi
307 2100 443 2141 gratiam
467 2098 643 2138 praetende

167 2149 210 2181 Et
235 2158 254 2183 a
277 2147 360 2180 malo
386 2156 444 2180 nos
471 2145 607 2178 defende

213 2195 390 2235 Mundique
412 2193 550 2227 miseria.

111 2255 143 2287 2.
169 2252 296 2285 Nemini
320 2251 466 2293 pepercit
488 2258 610 2291 manuS,

168 2300 268 2341 Quam
293 2300 417 2332 hostilis
437 2298 599 2331 Adrianus

215 2348 293 2382 Cum
318 2346 445 2381 Catillio
469 2344 656 2384 transmisit,

843 574 926 607 Nam
952 582 1118 605 conversos
1144 581 1163 604 a
1188 572 1310 613 virgine

844 620 955 661 Coepit
978 623 1014 651 ut
1038 629 1110 652 oves
1137 619 1279 661 caedere,

890 669 957 707 Quo
981 667 1081 699 virtus
1103 666 1165 698 Dei
1187 666 1289 699 iussit.

810 749 817 756 .
843 724 1019 763 Exsequias
1044 722 1249 755 Lentinianus

844 770 985 810 Virginis
1012 770 1087 801 colit
1110 769 1292 801 Marcianus

889 817 1132 856 Felicianusque
1155 815 1328 857 pontifices,

841 863 1012 896 Remedius
1039 863 1170 894 eremita

841 910 887 943 Et
910 910 1069 941 Romanus
1095 909 1260 940 coenobita

846 957 921 990 Cum
946 959 1057 988 saneta
1081 955 1295 997 Columbiana,

842 1004 991 1043 Plerique
1015 1011 1092 1042 quos
1116 1009 1175 1041 pro
1201 1000 1373 1033 christiana

889 1050 973 1082 Fide
995 1050 1139 1089 iugulant
1163 1046 1337 1080 carnifices

813 1131 820 1138 .
844 1107 1026 1147 Imperante
1047 1105 1202 1145 Adriano,

845 1153 987 1186 idolatra
1011 1155 1043 1184 et
1065 1150 1210 1192 profano,

893 1200 963 1232 Rex
989 1198 1132 1231 Catillius
1158 1197 1303 1238 regnavit

846 1248 905 1288 Qui
927 1255 966 1278 ex
990 1254 1089 1278 uxore
1113 1245 1221 1277 Taisia

845 1295 883 1327 In
910 1293 1049 1332 urbeque
1073 1292 1246 1332 Blancagia

891 1340 1064 1381 Quiteriam
1088 1339 1260 1379 generavit.

813 1424 819 1430 .
846 1397 950 1430 Tanta
973 1395 1034 1428 Dei
1057 1394 1257 1434 infantulam,

848 1444 1028 1485 Speciosam
1052 1442 1235 1482 puellulam,

893 1490 1005 1523 Gratia
1028 1488 1287 1530 praedestinavit,

846 1540 913 1579 Qua
936 1538 970 1568 in
997 1536 1107 1569 matris
1131 1538 1222 1567 utero

847 1586 934 1618 Deus
959 1584 993 1615 in
1017 1592 1093 1616 aevo
1118 1586 1227 1614 tenero

894 1631 1100 1664 Benedictam
1126 1629 1330 1662 consecravit.

817 1714 822 1720 .
847 1689 930 1722 Erat
953 1697 1034 1720 anno
1060 1680 1243 1727 tredecimo,

851 1736 930 1769 Cum
955 1736 1084 1774 angelus
1109 1744 1128 1765 a
1151 1733 1288 1766 Domino

893 1783 946 1815 Ad
973 1791 1041 1813 eam
1068 1781 1295 1820 destinabatur,

847 1831 893 1864 Ut
917 1831 958 1862 ad
982 1833 1120 1862 montem
1144 1828 1296 1860 Orianum

848 1878 1009 1911 Exoraret
1031 1876 1235 1908 christianum

896 1925 999 1957 Deum
1020 1922 1247 1956 instruebatur.

980 1998 1188 2034 Responsoria.

816 2083 823 2091 .
850 2057 974 2097 Regina
997 2056 1135 2095 puellam

850 2104 1033 2144 Quiteriam,
1058 2101 1206 2133 tenellam

848 2152 981 2190 Decore,
1005 2157 1093 2181 more
1116 2148 1234 2180 bellam

897 2197 1037 2237 Angelus
1063 2205 1133 2228 cum
1157 2195 1369 2237 benediceret,

850 2244 1035 2284 Admonuit,
1060 2243 1145 2283 quod
1169 2245 1343 2283 praecepta

849 2294 879 2326 A
903 2291 1038 2325 Domino
1063 2294 1217 2330 percepta

897 2338 1054 2374 Fideliter
1078 2338 1240 2380 retineret,
