1655 2534
746 163 791 170 —
840 143 1003 180 244—-

362 242 407 274 In
433 241 463 274 1.
490 240 717 273 Nocturno.

439 333 632 368 Antiphonae.

244 400 277 432 1.
302 401 483 439 Purpureos
507 397 600 430 flores

350 446 478 477 caelesti
501 453 574 477 rore
597 445 759 477 madentes

300 493 438 524 Decreto
462 491 590 523 Domini

346 537 468 569 famosa
492 538 657 569 Britannia
680 536 775 568 misit.

240 595 270 626 2.
296 594 334 626 In
358 594 443 624 cunis
468 593 592 632 positae

344 639 495 680 baptismi
519 638 607 671 fonte
629 641 759 670 renatae

296 687 341 719 Et
364 685 439 718 fidei
462 694 557 718 verae

345 736 417 764 sunt
442 732 563 773 legibus
587 732 740 765 initiatae.

242 790 273 823 3.
297 789 365 821 Has
392 789 518 821 deitatis
542 798 630 821 amor

346 835 406 867 sibi
430 834 576 867 foederat
600 835 712 867 ordine
736 835 824 876 miro,

297 882 380 913 Dum
405 882 539 913 retrahit
566 882 682 913 mundo

343 927 475 960 festinat
495 928 631 959 reddere
655 928 751 960 caelo.

240 985 272 1015 4.
296 984 439 1015 Tandem
464 983 604 1014 decursis

345 1030 466 1068 pariter
487 1029 662 1068 puerilibus
686 1030 785 1070 annis,

301 1075 345 1107 Ut
370 1075 493 1106 Christo
518 1075 672 1116 placeant,

344 1124 412 1152 tota
438 1122 554 1153 virtute
574 1122 728 1154 laborant.

245 1177 275 1207 5.
300 1177 393 1208 Illam
416 1177 560 1208 militiam

341 1225 416 1254 tunc
434 1224 552 1256 Ursula
575 1227 684 1256 sancta
700 1225 841 1266 regebat,

297 1269 428 1301 Milibus
451 1270 584 1302 undenis

346 1319 539 1347 constantem
564 1320 648 1349 sorte
671 1317 774 1351 beata.

241 1371 272 1402 6.
297 1370 381 1402 Filia
404 1372 487 1411 regis
512 1375 589 1413 erat,

344 1417 507 1449 Britonum
515 1418 698 1458 quisceptra
703 1419 840 1460 tenebat,

297 1463 395 1495 Dives
420 1473 523 1504 opum,
551 1464 629 1497 felix

344 1510 397 1549 qui
420 1511 477 1542 tali
501 1513 591 1549 prole
613 1512 751 1546 vivebat.

434 1593 637 1628 Responsoria.

240 1656 270 1687 1.
295 1657 426 1689 M÷libus
449 1659 583 1691 undenis

345 1713 404 1742 pro
430 1705 546 1736 Christi
569 1707 694 1738 nomine
716 1708 818 1746 passis

298 1750 479 1789 Virginibus
504 1753 603 1784 sacris

345 1798 502 1829 solvamus
526 1800 632 1831 munia
655 1800 769 1839 laudis,

231 1842 268 1874 V.
300 1843 427 1875 Occuiit
449 1853 580 1883 sponsus

345 1891 482 1922 reddens
506 1893 666 1931 sponsalia
689 1894 800 1926 laetus.

239 1945 271 1975 2.
303 1945 483 1985 Virginibus
508 1948 606 1979 saeris

343 1991 381 2023 fit
403 2002 467 2025 vox
491 1996 679 2032 praenuntia
702 1997 823 2037 mortis,

298 2038 446 2078 Signatur
470 2040 574 2080 tellus,

343 2086 465 2125 gladius
495 2089 657 2128 tortorque
682 2092 838 2131 cruentus,

225 2130 263 2163 V.
293 2132 426 2164 Pectora
450 2133 591 2173 virginea

343 2188 405 2211 non
433 2178 583 2221 frangunt
605 2182 684 2214 talia
709 2183 801 2215 dicta.

239 2235 269 2266 3.
296 2235 388 2267 Clara
409 2236 477 2268 Deo
503 2237 638 2279 suboles,

345 2284 498 2314 communi
522 2284 616 2317 laude
640 2284 782 2327 ferenda,

299 2330 335 2360 ln
359 2330 475 2361 teneris
500 2332 647 2364 membris

343 2375 477 2408 Domino
502 2379 622 2411 servire
645 2379 802 2421 studebat,

903 239 942 271 V.
972 236 1062 269 Haec
1085 236 1256 277 generatio,
1280 232 1400 267 florida
1419 234 1506 267 natio

1020 285 1108 316 recta
1131 283 1306 323 requirens.

914 342 947 373 4.
973 339 1078 380 Ecce,
1120 339 1303 382 Britannia,
1346 338 1445 370 mittit
1483 338 1524 370 ad

1299 384 1432 417 aethera

1020 433 1114 465 xenia
1138 434 1233 473 clara,

976 480 1108 512 Florida
1124 480 1275 520 germina,
1293 479 1367 511 labe
1384 479 1526 511 carentia

1020 528 1107 558 sorte
1131 527 1234 564 beata,

905 573 943 606 V.
976 572 1105 605 Civibus
1131 572 1282 613 angelicis

1016 620 1212 652 sollemniter
1236 618 1400 652 associata.

1036 722 1087 754 In
1113 724 1144 756 2.
1165 722 1394 757 Nocturno.

1110 796 1306 832 Antiphonae.

914 855 945 887 1.
970 853 1108 893 Agmina
1131 853 1283 892 virginea,

1018 908 1109 931 sacro
1134 899 1306 939 spiramine
1330 899 1434 939 plena,

967 946 1087 977 Terrea
1117 946 1296 985 despiciunt

1017 1001 1076 1033 pro
1114 992 1241 1025 Christo
1277 994 1390 1024 cuneta
1422 992 1519 1024 relin-

1296 1042 1405 1078 quunt-.

913 1097 946 1128 2.
973 1095 1124 1126 Accensis
1150 1095 1263 1127 animis

1013 1144 1155 1181 pugnant
1164 1150 1234 1173 cum
1241 1142 1388 1181 principe
1398 1142 1519 1182 mundi,

969 1188 1035 1226 Quo
1059 1188 1123 1220 iam
1149 1189 1274 1221 devicto

1019 1238 1148 1267 currunt
1172 1236 1214 1267 ad
1237 1235 1380 1275 praemia
1404 1236 1503 1276 regni.

912 1292 942 1324 3.
968 1290 1087 1323 Christi
1119 1300 1254 1331 sponsae
1277 1292 1371 1323 simul
1393 1293 1521 1325 iunctae

1014 1337 1147 1370 Romam
1171 1339 1278 1370 statim
1304 1342 1465 1379 expetunt,

968 1384 1053 1415 Hinc
1077 1393 1241 1425 regressae
1268 1385 1393 1418 Christo
1420 1387 1500 1418 <luce

1018 1429 1179 1463 Coloniam
1204 1435 1361 1472 repetunt.

911 1488 943 1519 4.
968 1486 1075 1525 Ipsam
1103 1488 1214 1519 urbem
1246 1489 1310 1520 dux
1334 1489 1520 1521 Hunnorum

1016 1532 1184 1566 obsidebat
1208 1536 1350 1575 graviter

965 1578 1076 1617 Ferro,
1102 1579 1237 1622 flamma,
1263 1581 1348 1613 fame
1373 1588 1487 1616 cuncta

1013 1627 1171 1665 populans
1196 1628 1365 1662 hostiliter.

911 1682 942 1713 5.
964 1681 1054 1713 Sicut
1078 1691 1151 1716 oves
1175 1685 1244 1724 lupi
1269 1694 1381 1725 graves

1013 1737 1075 1760 non
1099 1735 1265 1771 parcentes
1290 1734 1502 1774 strangulant,

968 1774 1030 1818 Sic,
1056 1776 1103 1807 sic
1120 1779 1230 1810 Hunni
1246 1789 1379 1819 sponsas
1398 1781 1517 1814 Christi

1016 1823 1196 1857 occidentes
1220 1826 1374 1867 iugulant.

909 1879 939 1910 6.
965 1879 1217 1918 Agrippinenses

1012 1926 1106 1958 simul
1130 1937 1237 1961 omnes
1264 1930 1447 1963 exsilientes

967 1971 1108 2013 Coipora.
1131 1984 1223 2007 sacra
1247 1977 1357 2016 legunt

1015 2022 1047 2050 et
1070 2022 1175 2054 terrae
1201 2024 1324 2054 concito
1351 2026 1501 2058 condunt.

1102 2095 1309 2131 Responsoria.

910 2149 939 2180 1.
966 2149 1062 2183 Clara
1087 2152 1219 2185 Colonia
1252 2155 1358 2187 dulcia
1381 2158 1518 2198 pignora

1011 2197 1097 2229 laeta
1120 2203 1269 2244 meretur,

966 2241 1124 2283 Sanguine
1151 2251 1332 2281 sanctarum

1012 2300 1103 2324 roseo
1127 2303 1223 2334 super
1247 2299 1334 2329 astra
1357 2298 1492 2342 locatur,

894 2337 934 2370 V.
964 2337 1040 2369 Illas
1066 2341 1120 2378 qui
1144 2343 1294 2382 sequitur,

1013 2385 1066 2424 qui
1091 2389 1188 2421 corde
1210 2390 1264 2430 pio
1291 2392 1491 2433 deprecatur.
