1655 2534
712 119 968 155 —263—

165 214 336 250 spriinglich
363 216 411 242 ein
437 214 600 242 Ortsname.
626 230 663 235 —
690 212 710 240 R
739 213 764 248 1,
791 213 827 242 10
847 214 884 242 ad
903 217 940 242 te.
968 229 997 234 -
1017 212 1038 240 R
1060 211 1086 244 1.
1109 212 1142 241 11
1162 214 1350 248 Delinquisti.
1372 229 1403 233 —
1427 216 1467 243 In

163 251 289 279 Laud.:
321 252 339 278 Α
360 251 386 286 2,
409 250 427 279 2
445 252 574 279 Valenti.
595 266 627 271 -
651 252 670 278 Α
690 250 717 286 4,
737 250 755 280 3
776 250 834 286 Qui
852 252 932 280 fehlt.
945 267 983 272 —-
996 252 1015 278 Α
1036 251 1062 286 4,
1078 250 1096 278 5
1118 254 1147 279 et
1158 251 1238 278 fehlt.
1252 266 1289 270 —
1304 252 1347 279 Ad
1363 253 1468 280 bened.

164 288 193 323 Α,
215 287 251 317 12
271 290 424 317 Venerunt
441 292 547 325 patres.
569 306 584 310 —
596 306 604 310 -
623 291 664 318 In
684 288 709 317 2.
730 291 852 326 Vesp.:
872 290 917 317 Ad
936 291 1014 325 Mag.
1033 290 1061 325 Α,
1074 287 1095 316 4
1112 289 1294 318 Valentinus.
1309 305 1347 309 —
1359 291 1434 318 Ibid.
1450 290 1467 319 5

163 327 231 354 dum
254 329 412 363 properuit.
433 343 469 347 -
489 327 565 355 Ibid.
585 327 602 355 7
623 328 728 355 Anasti
746 337 806 355 non
826 328 1018 356 credentibus.

164 619 209 651 A.

172 2063 211 2096 V.

612 417 658 448 95.
689 418 732 448 De
752 418 859 449 sancto
883 417 1017 449 Victore.

331 487 371 519 In
399 488 429 520 1.
456 487 625 528 Vesperis.

355 561 399 588 Ad
421 560 600 598 Magnificat.

239 619 337 659 Aras,
363 622 451 659 tura,
478 619 559 651 deos

286 666 548 707 simulacraque,
603 667 743 698 maxime

561 713 689 753 Victor,

236 759 321 791 Prae
348 769 446 792 cruce
471 769 555 792 vana
577 762 686 800 putas.

294 853 357 885 Ad
380 852 654 885 Matutinum.

371 926 589 954 Invitatorium.

236 984 424 1017 Laudemus
450 984 626 1016 Dominum

284 1032 413 1064 Victori
437 1032 586 1071 praemia
608 1030 753 1062 dantem.

299 1125 344 1157 In
371 1126 403 1158 1.
429 1125 488 1157 No
500 1127 666 1158 cturnO.

396 1198 572 1235 Antiphona.

240 1258 338 1290 Felix
363 1260 524 1298 perpetuo

286 1304 458 1345 gaudebiS,
483 1304 610 1344 Victor,
635 1303 770 1335 honore.

380 1379 587 1414 Responsoria.

212 1462 219 1469 .
244 1436 320 1468 Non
344 1436 488 1468 humana
512 1436 575 1467 tibi

289 1483 410 1515 tollent
434 1482 638 1515 incommoda
660 1490 785 1522 pacem,

243 1531 316 1563 Nec
339 1531 405 1563 iam
430 1531 550 1562 terrori

289 1577 513 1610 Maximianus
539 1577 613 1618 erit,

240 1625 309 1657 Iam
333 1635 439 1666 nemo,
461 1625 577 1657 Victor
600 1623 725 1663 inclite,

289 1672 364 1705 Tibi
387 1672 523 1705 nocebit
547 1671 699 1712 amplius,

245 1720 386 1752 Securus
412 1720 500 1752 omni
525 1722 673 1759 tempore

293 1767 387 1800 Caeli
411 1769 567 1807 penetras
593 1765 714 1798 sidera.

212 1850 219 1856 .
246 1824 380 1865 Flagra,
404 1822 519 1864 fames,
547 1831 670 1863 carcer,

295 1871 422 1912 plumbi
449 1879 579 1911 quoque
603 1868 736 1901 flamma
760 1869 796 1900 li-

574 1918 705 1958 quentis

242 1966 469 1999 Membrorum
494 1966 582 1998 vires

292 2024 359 2047 non
386 2014 544 2046 domuere
568 2015 654 2053 tuas,

243 2062 436 2095 Divinitatis
462 2061 572 2102 gratia

241 2110 282 2143 In
307 2112 341 2142 te
367 2110 509 2149 benigne
536 2107 716 2149 splenduit,

245 2157 269 2190 O
295 2157 422 2198 Victor,
450 2156 540 2188 orbis
565 2155 750 2196 principem

243 2204 291 2237 Ut
312 2213 394 2245 prae
419 2204 492 2236 Deo
519 2205 755 2235 contemneres.

211 2287 219 2295 .
249 2262 327 2301 Quis
353 2264 412 2294 tua
434 2260 598 2301 narrabit,

289 2308 416 2350 Victor,
441 2308 614 2348 miracula,
635 2316 732 2348 quam
750 2306 796 2338 sis

243 2356 377 2397 Integer
400 2356 436 2388 in
459 2356 562 2390 tantis

290 2404 531 2443 incolumisque
556 2400 678 2435 malis?

847 487 887 519 V.
916 488 981 520 Pro
1007 492 1118 520 terreo
1142 489 1307 528 stipendio

918 536 1066 568 Aeterna
1094 536 1195 567 sumis
1218 538 1364 576 praemia

918 583 1083 623 Brevique
1108 583 1214 614 tristis
1240 586 1388 623 tempore

918 629 1067 670 Longum
1092 630 1217 669 parasti
1243 631 1406 670 gaudium.

977 789 1024 821 In
1050 791 1081 822 2.
1107 790 1341 823 Nocturno.

1073 890 1251 926 Antiphona.

918 956 993 988 Non
1019 960 1142 998 aestus,
1167 969 1233 991 non
1257 960 1363 992 imber
1388 961 1453 992 erit

985 1004 1047 1036 tibi
1072 1007 1189 1037 noxius
1214 1007 1311 1039 ullus.

1056 1124 1263 1160 Responsoria.

887 1227 893 1234 .
919 1202 1002 1234 Post
1025 1202 1089 1235 hoo
1111 1203 1264 1243 regnanti

967 1249 1065 1282 finem
1088 1250 1258 1282 moriendo
1283 1251 1428 1291 minaris,

921 1296 1122 1329 Praedicens
1145 1297 1236 1328 vitae

968 1354 1063 1384 quam
1091 1343 1192 1376 breve
1217 1346 1347 1384 tempus
1374 1345 1456 1384 erit3

882 1416 889 1423 .
919 1391 1074 1423 Miranda
1096 1390 1221 1423 Christi
1246 1392 1378 1431 caritas,

923 1438 997 1470 Suis
1021 1438 1209 1479 propinqua
1234 1439 1385 1479 servulis,

921 1485 960 1517 In
985 1485 1097 1517 arduis
1124 1484 1292 1517 doloribus

922 1532 990 1564 Dat
1013 1532 1167 1573 spiritum
1189 1532 1433 1573 propheticum.

890 1634 898 1641 .
924 1609 1009 1648 Quin
1034 1612 1093 1641 tua
1117 1610 1196 1648 post
1216 1610 1356 1639 mortem

973 1657 1109 1689 canibus
1137 1655 1216 1687 data
1240 1655 1388 1687 membra
1405 1664 1476 1686 cru-

1251 1702 1347 1743 entis,

924 1751 1065 1784 Vindice
1089 1750 1150 1782 sub
1177 1750 1305 1791 gemino

971 1802 1044 1831 tuta
1068 1798 1164 1830 leone
1189 1798 1313 1829 iacent.

887 1871 895 1878 .
925 1846 1006 1887 Leo,
1032 1845 1121 1878 feras
1148 1845 1204 1885 qui
1228 1845 1390 1876 maximas

926 1894 1019 1926 Solet
1042 1892 1160 1933 fugare
1186 1892 1337 1932 saltibus,

924 1941 1069 1974 Victoris
1094 1940 1202 1972 incliti
1228 1948 1358 1971 sacrum

926 1988 1052 2029 Corpus
1076 1989 1189 2019 tuetur
1215 1987 1361 2018 sedulus.

892 2090 899 2098 .
925 2065 1122 2105 Neglectum
1149 2062 1302 2095 Christus

974 2112 1064 2144 caelo
1089 2111 1243 2141 misertus
1271 2109 1311 2141 ab
1340 2110 1407 2142 alto

925 2159 1079 2192 Materno
1106 2166 1218 2189 curam

973 2205 1098 2239 funeris
1122 2205 1196 2245 ipse
1221 2203 1331 2244 dedit;

854 2255 894 2288 V.
922 2255 1080 2288 Sanctum
1105 2251 1189 2292 dari,
1217 2261 1234 2283 o
1252 2250 1357 2293 nefas,
1385 2253 1480 2284 canis

925 2303 1065 2335 Praeter
1091 2299 1244 2331 decorem
1271 2302 1305 2331 et
1329 2299 1482 2332 ordinem

926 2350 1003 2383 Non
1027 2356 1147 2389 passus
1175 2350 1227 2378 est
1250 2347 1317 2379 ullo
1343 2347 1440 2379 modo

926 2397 1059 2431 Vindex
1086 2403 1220 2427 suorum
1244 2395 1437 2428 altissimus.
