1655 2534
713 106 969 140 -220—

196 198 328 228 Officium
357 201 409 228 auf
432 200 487 229 den
506 200 658 237 Heiligen,
682 201 714 228 in
739 200 875 228 welchem
897 201 1026 228 einzelne
1044 200 1276 238 Reimanklfinge
1295 202 1487 237 unterlaufen‚

883 238 908 265 Γ

193 258 283 287 findet
301 261 363 288 sich
381 262 414 288 in
425 262 582 297 Antiphon.
601 271 654 289 ms.
668 245 907 312 Raigradenseff
929 262 971 289 Ia
985 260 999 289 1
1015 263 1085 289 anni
1100 260 1181 290 1525.
1212 263 1269 291 Die
1282 261 1301 289 Α
1315 263 1353 291 ad
1365 263 1486 299 Magnis.

192 320 224 346 in
245 319 270 347 1.
290 320 377 356 Vesp.
395 322 501 350 lautet:

453 379 477 407 O
496 380 567 406 vitis
586 380 666 406 vitae
684 379 759 406 bone
777 378 897 414 palmes,
916 378 1030 406 Thoma
1047 380 1140 414 beate,

454 417 577 444 Gestans
597 419 725 443 maturos
746 414 835 443 effuso
859 416 1000 451 sanguine
1019 416 1128 450 botros,

450 454 526 487 Iesu,
549 455 642 481 vietor
659 454 770 487 mortis,
792 453 846 487 sao,
868 455 902 480 ut
922 454 1087 489 plantemur
1104 456 1137 482 in
1155 454 1248 483 hortis

451 491 609 518 Ierusalem
630 493 723 525 vivae,
744 499 806 527 qua
824 490 909 518 flores
930 493 962 518 tu
982 493 1045 519 sine
1063 491 1129 519 fine.

639 599 683 631 81.
711 600 754 631 De
776 601 882 631 saneto
903 600 1027 631 Thoma.

328 686 373 717 In
398 684 429 718 1.
453 686 664 725 vesperis.

395 767 588 803 Antiphonae.

199 833 230 865 1.
257 833 281 865 Ο
306 833 434 873 Thoma,
463 834 526 866 dux
550 836 731 877 errantium,

253 878 362 911 Virtus
386 878 619 923 infirmantium,

253 926 277 957 O
302 925 382 957 fides
409 926 627 968 dubitantium,

251 971 306 1003 Ad
329 972 408 1004 caeli
434 974 493 1005 duc
515 974 670 1006 solatium.

196 1038 228 1068 2.
255 1036 366 1068 Gratia
389 1038 503 1078 regalis

296 1082 404 1115 lateris
428 1083 580 1123 profluxit
602 1086 641 1118 ab
666 1087 736 1128 alis,

244 1129 327 1160 Dum
349 1130 482 1169 palpans
509 1132 606 1164 dixit:

295 1184 382 1207 meus
401 1185 433 1207 es
444 1177 547 1217 Deus3
565 1179 650 1210 unde
665 1180 790 1212 revixit.

189 1241 221 1272 3.
247 1240 271 1272 O
297 1239 373 1272 felix
398 1240 526 1278 Thema,

296 1287 348 1326 qui
374 1287 465 1318 dulce
485 1290 610 1321 virtutis
635 1300 744 1323 aroma

243 1333 343 1364 Tacta
367 1335 491 1365 sensisti

293 1382 490 1412 contrectans
517 1382 644 1415 vulnera
658 1383 785 1425 Christi,

243 1424 396 1457 Mollifica
419 1431 538 1459 mentes

294 1473 387 1504 duras
413 1477 444 1504 et
466 1474 540 1506 labe
564 1479 716 1519 carentes,

245 1518 297 1549 Ad
323 1519 402 1550 caeli
426 1520 531 1553 caulas

288 1573 345 1596 nos
364 1568 466 1597 tecum
483 1566 620 1601 transfer
632 1568 674 1600 ad
686 1569 783 1602 aulas.

185 1631 218 1661 4.
245 1629 269 1661 Ο
296 1630 426 1671 Thoma,
451 1631 591 1663 fidelium

290 1677 473 1709 Consolator
496 1678 609 1719 fidelis,

242 1722 288 1753 Te
308 1723 361 1761 pie
386 1725 551 1756 colentium

285 1769 364 1801 Esto
387 1779 508 1803 memor
529 1772 562 1803 in
589 1773 693 1813 caelis,

239 1815 303 1847 Fer
326 1816 416 1848 nobis
441 1817 630 1860 suffragium,

241 1862 287 1894 Ut
310 1866 470 1895 aeternum
495 1866 642 1904 gaudium

238 1909 287 1941 Sit
314 1910 404 1942 nobis
428 1911 460 1942 in
484 1912 667 1951 praemium.

351 1993 397 2020 Ad
415 1994 592 2029 Magnificat.

162 2057 202 2090 A.
233 2058 257 2090 Ο
282 2058 403 2091 Thoma
427 2060 572 2102 Didyme,
599 2063 758 2096 Christum

236 2104 294 2143 Qui
316 2107 456 2139 meruisti
482 2111 620 2151 tangere,

231 2151 277 2182 Te
301 2153 446 2192 precibus

231 2198 387 2239 Rogamus
412 2201 564 2243 altisonis,

231 2244 384 2278 Succurre
407 2248 498 2280 nobis
522 2251 645 2282 miseris

229 2291 279 2322 Ne
305 2293 486 2327 damnemur
511 2305 578 2328 cum
602 2298 708 2338 impiis

228 2339 267 2371 ln
292 2339 428 2374 adventu
450 2342 575 2377 iudicis.

994 689 1055 720 Ad
1078 688 1339 726 Matutinum.

1057 762 1273 792 Invitatorium.

926 819 1073 859 Thomas,
1100 829 1190 860 quem
1214 823 1325 864 tangit,

929 865 974 897 Ut
996 866 1097 898 Deum
1126 868 1247 910 pangit,

925 912 1018 944 Illum
1043 914 1216 955 laudemus,

924 958 1008 990 Huic
1031 960 1209 994 iubilemus.

988 1053 1030 1084 In
1059 1053 1089 1085 1.
1116 1053 1171 1086 No
1181 1057 1332 1089 eturno.

1060 1124 1252 1162 Antiphonae.

861 1182 892 1214 1.
918 1182 1035 1214 Inclita
1060 1183 1182 1216 devotis

967 1229 1095 1261 colimus
1120 1231 1285 1264 sollemnia
1309 1235 1402 1275 votis,

916 1275 1049 1314 Didymi
1075 1276 1223 1318 discipuli

965 1323 1109 1355 caelestis
1134 1326 1218 1366 regis
1240 1328 1343 1361 amici.

857 1379 886 1409 2.
915 1377 1032 1420 Gloria,
1060 1387 1135 1411 vera
1159 1381 1244 1414 salus

960 1428 1124 1465 susceptor
1146 1429 1191 1468 tu,
1215 1428 1313 1470 Deus,
1340 1432 1417 1470 eius,

911 1471 1020 1511 Ipsum
1043 1473 1283 1518 magnificando,

959 1517 1172 1561 iustificando,
1193 1524 1347 1558 vocando.

854 1574 885 1606 3.
914 1574 1026 1615 Corde,
1051 1583 1146 1607 manu
1170 1579 1303 1612 mundus

959 1621 1061 1653 Deum
1086 1625 1209 1663 quaerit
1233 1626 1423 1669 sitibunduS‚

914 1666 1008 1699 Cuius
1034 1677 1120 1701 amor
1145 1672 1250 1713 satiat,

958 1723 1017 1746 nee
1042 1714 1167 1749 fastidit
1189 1720 1332 1753 satiatus.

1047 1789 1252 1825 Responsoria.

840 1844 857 1875 1
864 1868 871 1875 .
902 1844 1054 1877 Indorum
1077 1858 1208 1889 magnus

953 1894 1045 1931 pater
1052 1894 1113 1926 hae
1121 1900 1168 1928 est
1178 1898 1299 1931 culmen
1309 1901 1454 1947 adeptus,

908 1937 953 1969 Ut
977 1943 1066 1980 regat
1090 1945 1122 1973 et
1144 1948 1257 1985 paseat

952 1986 1039 2025 ipsos
1064 1996 1121 2020 sua
1144 1999 1203 2030 per
1228 1992 1426 2037 documenta,

836 2030 875 2062 V.
906 2031 1042 2064 Caelitus
1066 2036 1193 2075 eligitur

952 2079 1089 2113 Thomas
1115 2086 1147 2115 et
1170 2084 1371 2123 iustificatur.

963 2173 1010 2205 In
1036 2176 1066 2207 2.
1093 2176 1281 2213 Noeturn
1294 2190 1321 2215 ο.

1033 2249 1239 2285 Responsoria.

842 2303 872 2336 1.
898 2304 924 2336 O
950 2308 1054 2339 tactor
1078 2307 1196 2342 Christi
1221 2312 1399 2360 vulnerum,

899 2350 1016 2385 Sanato
1042 2356 1153 2389 vulnus
1177 2359 1342 2404 scelerum,
