1655 2534
332 200 379 233 In
404 200 435 233 1.
460 198 686 231 Nocturno.

417 272 608 308 Antiphonae.

220 334 252 365 1.
279 332 401 364 Novum
426 340 481 362 vas
507 330 727 361 charismatum

324 378 442 411 Puerili
468 375 546 408 flore

278 424 480 458 Redundavit
502 422 636 454 omnium

325 471 503 504 Gratiarum
528 476 609 501 rore.

220 530 253 560 2.
278 528 381 559 Tener
406 525 501 565 gades
524 523 621 565 trivii,

323 573 406 605 Hinc
428 570 637 610 quadriviales

279 619 407 656 Nactus,
432 617 555 656 pondus
580 615 676 647 studii

322 665 408 696 Fixit
433 664 463 694 in
489 662 632 694 morales.

221 714 254 745 3.
280 711 432 743 Relucens
457 710 531 740 hinc
554 708 689 739 omnium

327 758 510 796 Dogmatum
541 756 654 787 decore

279 803 385 837 Filiali
409 802 577 834 Dominum

324 850 444 881 Timuit
466 856 580 880 amore.

414 921 619 957 Responsoria.

225 980 256 1014 1.
281 979 431 1012 Laetetur
455 977 598 1017 Ostgotia

330 1025 446 1058 Plausu
469 1024 615 1055 timorato

283 1072 373 1104 Nova
396 1080 454 1110 per
476 1070 617 1109 tripudia

329 1118 465 1153 Christo,
489 1116 550 1149 Dei
573 1119 658 1157 nato,

283 1164 391 1196 Edens
416 1173 497 1195 nova
521 1163 659 1194 earmina

329 1212 391 1242 Pro
415 1214 547 1249 patrono
574 1209 657 1248 dam,

215 1258 253 1291 V.
284 1258 380 1296 Quem
404 1265 465 1288 vox
490 1255 631 1295 angelica

331 1304 439 1335 laudat
462 1302 672 1333 modulamine
692 1305 791 1341 grato.

229 1360 259 1392 2.
285 1360 321 1391 In
347 1366 440 1390 ausus
463 1356 600 1389 nefarios

335 1406 498 1444 Tyrannos
524 1406 685 1443 surgentes

288 1451 400 1490 Arguit
422 1450 602 1491 sacrilegos,

333 1497 435 1528 Deum
458 1506 521 1528 non
544 1497 700 1537 timentes,

290 1544 337 1577 Ut
359 1543 491 1574 redueat
515 1543 620 1574 devios

336 1589 389 1621 Ad
415 1598 468 1621 cor
491 1589 696 1628 paenitentes,

218 1635 257 1669 V.
284 1636 345 1668 Est
367 1644 477 1675 passus
502 1636 604 1667 varios

336 1682 440 1713 hostes
463 1690 521 1720 per
540 1680 638 1721 flagra
654 1683 833 1715 trementes.

233 1739 265 1771 3.
295 1737 413 1770 Nectar
434 1737 629 1776 eloquentiae

336 1784 436 1816 Fudit
460 1784 639 1823 perorando

290 1831 398 1863 Cultor
417 1831 628 1870 innocentiae,

337 1878 399 1909 Pro
424 1876 508 1908 clero
532 1878 673 1914 zelando,

291 1925 391 1956 Actus
413 1923 632 1955 inclementiae

335 1970 457 2009 Regum
481 1971 678 2009 detestando,

221 2017 259 2048 V.
288 2016 339 2049 Ne
363 2020 436 2048 ruat
458 2016 610 2048 ecclesiae

337 2064 467 2095 libertas
494 2063 729 2095 dissimulando.

356 2157 401 2189 In
427 2159 458 2190 2.
484 2157 708 2189 Nocturno.

431 2230 624 2267 Antiphonae.

236 2287 267 2320 1.
293 2287 402 2319 Aaron
429 2288 618 2329 sacerdotio,

342 2333 457 2366 Paulus
481 2336 513 2367 in
540 2336 691 2375 docendo,

823 101 867 135 815
918 119 959 126 -—

944 192 1060 225 Daniel
1083 190 1213 232 iudicio,

990 239 1046 272 Iob
1073 237 1133 271 fuit
1159 236 1302 268 ferendo.

886 299 917 329 2.
944 295 1085 327 Hesther
1108 293 1170 326 fert
1197 292 1405 329 clementiam,

990 342 1099 374 Zelum
1123 339 1319 377 Maccabaei,

942 389 1059 428 Ioseph
1084 387 1318 428 continentiam,

991 435 1103 468 Fidem
1123 433 1253 466 Elisaei.

888 494 919 526 3.
943 492 1105 523 Virtutum
1128 489 1293 521 moralium

994 539 1045 570 Ac
1067 536 1266 569 heroicarum

946 585 1052 618 Ardet
1074 583 1259 615 exercitium

993 630 1039 664 Ut
1063 631 1165 662 cultor
1189 637 1307 661 earum.

1085 704 1291 739 Responsoria.

892 764 921 796 1.
949 761 1061 794 Carnis
1083 760 1279 800 petulantiae

995 808 1134 841 Clericos
1159 807 1322 838 immersos

950 855 1069 887 Mentis
1092 854 1323 886 inconstantiae

996 902 1135 933 Damnat
1158 902 1194 930 ut
1216 908 1356 940 aversos,

951 947 1078 980 Zelator
1102 946 1241 978 iustitiae

1001 993 1164 1033 Quoslibet
1187 1001 1365 1032 perversos,

882 1042 920 1073 V.
949 1041 1088 1079 Moxque
1112 1048 1187 1072 suae
1212 1040 1323 1072 veniae

999 1087 1102 1118 iunxit
1124 1095 1183 1126 per
1208 1086 1305 1118 corda
1328 1093 1484 1118 reversuS.

897 1145 927 1175 2.
953 1143 1052 1182 Opem
1076 1143 1162 1174 laeso
1187 1141 1347 1174 stomacho

1000 1190 1081 1222 Fert
1103 1189 1287 1229 eviscerato,

955 1237 1022 1268 Iam
1047 1234 1178 1267 foetenti
1203 1234 1339 1275 pristino

1004 1282 1117 1314 Colore
1140 1284 1269 1321 mutato,

958 1328 1050 1361 Omni
1075 1329 1114 1360 de
1133 1328 1272 1360 remedio

1004 1375 1102 1407 Plene
1127 1375 1306 1414 desperato,

887 1422 926 1455 V.
956 1421 1008 1454 Ex
1031 1422 1133 1453 sancti
1156 1421 1268 1453 merito

1007 1469 1080 1500 dum
1105 1468 1172 1500 vita
1197 1468 1291 1499 datur
1314 1468 1463 1500 lacerato.

903 1525 934 1557 3.
960 1524 1082 1562 Pastor,
1110 1524 1205 1555 decus
1228 1525 1420 1564 praesulum,

1006 1569 1096 1602 Mitis
1119 1570 1303 1613 advocatus,

959 1617 997 1650 In
1024 1625 1168 1658 campum
1191 1617 1325 1648 Elisium

1007 1663 1111 1704 Digne
1134 1664 1396 1704 transplantatus,

961 1710 1097 1750 Triplici
1117 1719 1176 1750 per
1200 1711 1347 1742 meritum
1379 1738 1382 1744 .

1009 1757 1121 1789 PaLma
1144 1758 1315 1799 laureatus,

896 1803 931 1835 V.
958 1803 1095 1836 Auferat
1118 1804 1247 1836 exitium

1008 1853 1133 1883 nostros
1159 1850 1294 1883 delendo
1318 1853 1435 1885 reatus.

1027 1963 1074 1994 In
1095 1964 1126 1995 3.
1152 1961 1381 1995 Nocturno.

1109 2035 1303 2070 Antiphonae.

908 2092 940 2125 1.
968 2091 1069 2124 Carne
1093 2092 1182 2133 virgo
1207 2093 1336 2133 nitidus,

1012 2138 1140 2179 Martyr
1168 2148 1207 2171 ex
1231 2139 1346 2171 affectu

913 2180 922 2186 ²
964 2184 1010 2217 Et
1034 2185 1195 2219 confessor
1217 2187 1346 2219 inclitus

1012 2233 1090 2265 Fuit,
1112 2233 1147 2265 in
1173 2232 1295 2267 effectu.

909 2289 941 2322 2.
969 2287 1075 2322 Gratis
1100 2289 1206 2322 datam
1231 2291 1364 2331 gratiam

1018 2336 1059 2369 Se
1081 2337 1337 2376 praevenientem
