1655 2534
649 81 900 118 -133—

124 176 162 209 V.
192 177 249 210 Bis
274 186 330 210 sex
354 178 464 210 lustris
488 178 522 210 in
548 179 672 211 deserto

241 225 333 257 Vixit
355 224 493 258 bellator
516 227 672 268 strenuuS,

195 271 313 304 Contra
336 272 457 303 hostem
482 272 521 303 ab
548 274 680 312 experto

244 318 400 357 Pugnavit
422 319 513 350 miles
537 320 684 358 optimus.

259 479 306 510 In
331 480 364 511 2.
390 477 449 511 No
463 480 619 511 cturn0.

341 580 536 616 Antiphonae.

136 656 168 688 1.
191 656 255 688 Hic
277 655 552 689 mortificationem

244 702 353 735 Crucis
376 704 410 735 in
433 713 468 736 se
492 704 624 736 retinuit

194 749 239 781 Et
263 758 322 789 per
348 751 642 790 contemplationem

242 796 344 828 Deum
368 806 527 837 nunquam
553 797 702 830 deseruit.

137 872 169 903 2.
195 870 280 903 Huic
303 874 412 904 sancto
436 875 551 912 parent
574 880 648 904 aves

241 918 348 958 Atque
371 919 439 950 ursi
465 919 504 950 de
527 926 664 960 nemore,

197 964 243 997 Et
266 965 447 1008 subduntur
470 966 566 997 maris
591 973 688 996 naves

242 1011 413 1044 Pacificato
438 1020 583 1051 aequore.

139 1088 170 1119 3.
196 1086 331 1118 Librum
355 1087 451 1119 Petro
477 1095 588 1119 corvus
611 1089 719 1127 portat

247 1134 310 1165 Per
332 1134 428 1174 longa
451 1137 557 1166 terrae
581 1133 693 1173 spatia,

199 1181 298 1220 Quem
322 1184 354 1211 et
378 1181 507 1221 angelus
533 1179 690 1213 confortat

245 1227 284 1259 In
308 1229 418 1259 sancta
442 1227 643 1259 abstinentia.

335 1339 545 1374 Responsoria,

140 1414 171 1447 1.
196 1416 274 1448 Post
297 1417 485 1448 curriculum
512 1425 664 1448 annorum

243 1462 406 1495 Romanae
430 1463 498 1494 sedi
523 1462 664 1503 iungitur

196 1510 377 1550 Locumque
399 1510 612 1550 apostolorum

243 1557 366 1588 Tenere
390 1560 466 1589 tunc
490 1557 692 1598 praecipitur,

195 1603 312 1636 Faetus
339 1613 466 1636 consors
492 1604 663 1636 electorum

245 1650 441 1683 Caelestinus
466 1651 654 1690 assumitur3

125 1698 164 1730 V,
194 1698 339 1730 Summus
363 1697 506 1737 pontifex
528 1701 659 1731 vocatur

242 1744 358 1778 Divino
382 1745 597 1788 inspiramine,

195 1792 286 1824 Dono
313 1792 435 1832 gratiae
460 1792 587 1824 dotatur

240 1838 377 1880 Spiritus
402 1839 503 1871 sancti
528 1838 665 1873 flamine.

136 1917 167 1947 2.
194 1915 258 1952 Hic
283 1918 331 1947 est
354 1924 440 1956 papa
465 1915 662 1948 Caelestinus

238 1963 358 1995 Factus
386 1963 463 1995 civis
490 1963 684 2005 caelestium,

193 2010 253 2049 Qui
281 2020 344 2042 non
369 2011 466 2042 sentit
489 2010 561 2050 plus
586 2013 619 2042 et
643 2011 747 2042 minus

238 2057 276 2089 In
301 2058 413 2090 ordine
436 2058 612 2099 humilium,

192 2105 289 2144 Quem
316 2105 433 2137 attollit
457 2114 524 2137 mos
551 2105 676 2139 divinus

240 2152 294 2185 Ad
318 2152 489 2193 gloriosum
516 2152 671 2187 bravium.

90 2222 93 2225 -
122 2200 160 2234 V.
190 2200 244 2232 Ad
269 2203 469 2241 augmentum
495 2200 708 2241 praemiorum

236 2247 300 2280 Hic
323 2247 409 2280 cedit
430 2248 604 2290 pontificio,

192 2295 239 2328 Ut
262 2295 444 2328 thesaurum
468 2295 684 2336 perfectorum

239 2342 364 2378 Condat
386 2344 492 2384 quieto
517 2344 631 2377 animo.

818 179 848 211 3.
874 177 965 210 Statu
990 176 1132 217 quolibet
1154 176 1314 217 perfectus

926 224 993 257 Iste
1017 223 1178 256 confessor
1203 225 1334 263 exstitit,

876 271 958 303 Nam
984 270 1134 303 divinitus
1158 275 1326 310 provectus

920 318 1048 351 Virtute
1071 326 1196 357 semper
1220 318 1343 359 claruit,

876 364 913 396 In
937 366 1057 405 papatu
1081 364 1170 395 stetit
1193 367 1309 407 rectus,

922 411 1090 450 Nunquam
1114 419 1133 442 a
1155 411 1238 443 bono
1264 411 1404 454 destitit3

806 459 845 490 V.
872 457 951 490 Post
974 459 1006 488 et
1029 459 1102 489 ante
1128 458 1223 489 corde
1246 466 1326 497 puro

923 504 1051 543 Quaerit
1076 504 1228 536 virtutum
1254 505 1398 548 culmina,

876 550 972 583 Suum
996 559 1110 591 corpus
1135 551 1205 583 cibo
1232 551 1310 583 duro

922 598 1038 630 Domat
1060 598 1164 631 vitans
1187 598 1306 630 inania.

818 655 851 686 4.
877 654 944 686 Iste
967 656 1094 685 sanctus
1119 657 1337 693 augmentatur

923 700 1058 741 Virtute,
1084 703 1250 740 postquam
1273 701 1387 744 renuit,

876 746 921 778 Et
943 747 1104 779 miraculis
1128 750 1266 789 ornatur,

924 793 1001 825 Cum
1026 794 1068 826 ad
1095 793 1252 825 desertum
1277 795 1383 833 rediit,

878 839 1011 871 Demum
1045 842 1172 872 sanctus
1198 841 1418 880 comprobatur

922 886 1006 917 Dum
1030 885 1167 917 feliciter
1191 887 1280 919 obiit.

808 932 845 963 V.
876 931 958 963 Nam
983 932 1025 964 ad
1048 933 1167 963 caelum
1193 934 1280 964 clara
1305 942 1396 965 cruce

925 978 1032 1017 Pergit
1057 979 1110 1009 hic
1134 982 1261 1011 sanctus
1285 981 1428 1022 praevia,

877 1024 959 1056 Dum
987 1025 1114 1057 decedit
1139 1026 1178 1057 de
1200 1026 1260 1056 hac
1283 1027 1354 1058 luce

926 1072 1049 1104 Comite
1073 1072 1144 1103 luce
1168 1071 1300 1112 fulgida.

941 1205 986 1236 In
1012 1204 1044 1237 3.
1070 1203 1299 1237 Nocturno.

1018 1276 1065 1304 Ad
1085 1276 1214 1304 Cantica.

806 1334 847 1366 A.
878 1333 953 1366 Vita
975 1337 1086 1365 sancta
1112 1334 1301 1375 duplicatur,

924 1382 1094 1420 Postquam
1119 1383 1271 1420 papatum
1295 1383 1409 1424 renuit,

878 1427 1098 1467 Sanctitasque
1123 1430 1297 1469 serenatur,

923 1474 1006 1506 Dum
1031 1474 1185 1515 gloriosus
1208 1474 1296 1506 obiit.

1020 1558 1227 1593 Responsoria.

821 1626 851 1657 1.
875 1623 1071 1656 Reverenter
1095 1626 1269 1658 tumulatur

923 1670 986 1703 Hic
1009 1674 1137 1703 sanctus
1161 1672 1194 1703 in
1220 1672 1404 1712 Campania,

876 1717 941 1752 Ubi
965 1726 1078 1759 magna
1104 1722 1312 1759 congregatur

923 1766 1155 1806 Episcoporum
1181 1767 1281 1810 copia,

876 1812 1078 1854 Populusque
1102 1813 1261 1846 adunatur

922 1861 976 1892 Ad
1001 1859 1191 1893 confessoris
1216 1859 1338 1895 funera.

805 1908 844 1939 V.
874 1906 1017 1940 Noscens
1041 1917 1127 1948 papa
1151 1909 1234 1940 hunc
1258 1909 1363 1940 obisse

925 1955 1113 1988 Cardinales
1138 1956 1306 1999 accelerat,

876 2002 973 2042 Quem
999 2005 1188 2043 removerat,
1215 2001 1314 2034 fuisse

926 2050 1044 2090 Papam
1070 2052 1102 2080 et
1125 2052 1269 2081 sanctum
1290 2054 1431 2083 noverat.

819 2108 852 2140 2.
877 2104 957 2138 Post
980 2106 1060 2138 haec
1083 2109 1188 2137 autem
1214 2105 1401 2146 disponente

923 2152 1041 2185 Divina
1064 2153 1264 2192 providentia

876 2200 919 2233 Et
946 2200 1119 2240 Campania
1141 2203 1290 2232 manente

921 2247 960 2280 In
983 2256 1097 2288 magna
1123 2248 1346 2289 disceptantia,

878 2296 979 2329 Cursu
1003 2295 1155 2335 temporis
1180 2295 1326 2328 volvente

925 2343 1046 2375 Tendit
1069 2346 1196 2375 sanctus
1221 2345 1262 2377 ad
1287 2344 1359 2376 alia.
