1655 2534
655 122 895 157 -261—

345 212 552 249 Responsoria.

153 267 184 301 1.
213 268 459 310 Comperientes
485 275 616 315 pagani,

213 316 307 355 Quod
331 318 366 350 hi
390 320 455 352 viri
482 320 661 353 Christiani

258 364 427 399 Fecerunt
448 368 618 409 miracula,

212 411 289 443 Sani
313 414 432 452 petunt
457 417 491 446 et
514 416 653 455 aegroti,

212 457 338 498 Singuli
360 469 421 499 per
447 470 503 493 eos
529 462 589 494 loti

260 505 359 537 Vitae
381 511 515 540 sumunt
539 509 687 549 consilia,

210 551 258 584 Ut
275 553 461 596 attendunt,
483 555 765 596 comprehendunt

257 599 518 634 Inaestimabilia
529 614 536 642 ;

140 646 180 678 V.
212 645 368 678 Omnibus
395 648 537 681 suadent
563 650 672 682 vitare

210 692 307 725 1dola
332 697 366 726 et
390 696 530 728 adorare

213 740 319 772 Deum
343 750 458 774 verum
484 746 518 775 et
542 744 706 775 sincerum

212 786 277 819 Cor
301 788 425 821 habere
451 792 486 821 et
509 791 638 822 timere.

152 843 183 874 2.
210 842 403 877 Persecutio
429 847 583 877 immanis

208 889 405 923 Imminebat
430 892 617 924 christianis

256 937 307 969 Ab
330 938 596 979 imperatoribus,

210 983 256 1016 Ob
283 984 371 1024 quod
397 987 502 1018 sancti
527 986 763 1024 mancipantur

211 1030 283 1071 Siti,
308 1030 395 1064 fame
417 1035 628 1065 macerantur

257 1078 288 1109 A
314 1080 423 1111 saevis
449 1080 643 1122 tortoribus,

211 1124 273 1163 Qui
299 1128 485 1158 constantes
510 1126 731 1167 perdurantes

257 1171 334 1205 Non
358 1176 534 1206 cesserunt
559 1173 747 1215 doloribus3

139 1219 179 1252 V.
209 1218 317 1251 Erant
340 1220 375 1251 hi
399 1221 464 1252 viri
491 1221 634 1253 cultores

211 1266 402 1306 Christique
426 1268 624 1308 imitatores,

210 1313 276 1345 Pro
301 1313 373 1345 Deo
399 1318 537 1347 mortem
557 1315 627 1355 pati

210 1359 294 1392 Sunt
317 1362 437 1401 parati.

152 1419 182 1450 3.
212 1416 370 1449 Claudius
395 1418 484 1450 hunc
507 1417 683 1457 fatigatum

210 1464 447 1504 Presbyterum
473 1467 507 1496 et
532 1464 731 1496 decollatum

257 1511 469 1544 Transmittit
493 1512 574 1543 caeli
599 1509 748 1552 floribus,

208 1558 364 1591 Placidus
389 1559 576 1599 praesulem
598 1559 726 1590 laesum

208 1606 320 1646 Virgis
348 1608 382 1638 et
407 1607 515 1646 capite
541 1614 673 1637 caesum

257 1653 567 1694 Triumphatoribus
582 1664 589 1692 3

209 1701 264 1733 Sic
290 1699 422 1733 Christo
449 1701 536 1741 grati
558 1699 718 1732 immolati

254 1747 406 1780 Diversis
436 1751 512 1780 sunt
537 1746 750 1786 temporibus.

135 1795 174 1827 V.
207 1795 317 1827 Caelis
343 1796 431 1827 vecti
458 1798 536 1827 sunt
560 1794 675 1825 dilecti

207 1843 259 1874 Ab
287 1843 413 1883 angelis
437 1843 472 1874 hi
497 1843 617 1874 milites

208 1890 375 1930 Laurenti,
402 1891 566 1922 munerati

207 1937 290 1970 Sunt
312 1938 400 1970 inter
424 1938 507 1970 caeli
534 1936 663 1969 divites.

260 2023 306 2055 In
332 2024 363 2055 3.
389 2024 628 2056 Nocturno.

347 2098 544 2133 Antiphonae.

147 2156 177 2189 1.
204 2157 234 2187 A
259 2156 380 2197 populo
407 2159 441 2188 et
465 2156 565 2188 sociis

250 2203 389 2236 Sanctus
414 2203 550 2244 praesul
575 2203 741 2243 humatur,

204 2250 269 2283 Sed
294 2250 438 2285 famulae
463 2250 584 2285 studiis

251 2297 434 2338 Presbyter
458 2298 651 2338 tumulatur,

203 2345 258 2378 Sic
284 2354 325 2377 ex
350 2355 442 2378 more
464 2355 537 2378 cum
560 2346 684 2377 honore

251 2392 378 2425 Tumba
401 2394 481 2429 bina.
502 2395 732 2433 praeparatur.

832 221 863 254 2.
889 222 1024 255 Tumbis
1049 221 1168 255 dehinc
1191 233 1231 256 ex
1257 225 1424 257 amborum

936 270 1058 302 Patent
1082 270 1177 311 signa
1201 272 1357 312 ingentia,

890 317 975 350 Nam
1000 320 1158 350 sanantur
1182 319 1406 351 morbidorum

938 365 1080 397 Prorsus
1089 366 1441 406 membralanguentia,

893 411 986 451 Quod
1010 413 1171 452 probatur
1197 416 1231 445 et
1254 415 1396 444 testatur

938 459 1059 499 Populi
1085 459 1292 492 confluentia.

835 515 867 547 3.
894 514 1026 547 Omnem
1051 519 1170 547 sanant
1192 516 1390 556 apoplexum

939 563 970 593 A
997 562 1122 595 caduca
1145 563 1318 603 vertigine,

890 608 935 640 Hi
960 607 1147 641 confortant
1170 612 1204 641 et
1226 609 1420 650 perplexum

937 655 976 687 In
999 658 1114 689 mortis
1140 657 1289 697 caligine,

894 702 957 741 Qui
982 703 1029 734 sic
1052 703 1140 736 binis
1165 703 1351 735 Valentinis

941 749 1052 782 Servit
1076 751 1116 783 ab
1145 751 1281 791 origine.

1030 814 1236 850 Responsoria.

835 861 863 894 1.
889 861 1028 893 Romam
1053 863 1146 894 ambo
1172 862 1329 894 decollati

890 907 1061 939 Valentini
1085 909 1156 941 Deo
1187 909 1273 949 grati

935 954 982 986 Te
1009 956 1248 987 consecrabant
1268 956 1438 996 sanguine,

890 1001 941 1032 De
966 1001 1117 1042 patribus
1143 1003 1209 1033 tuis
1234 1001 1310 1033 dole

892 1047 1146 1089 Martyrumque
1170 1047 1257 1080 festa
1281 1048 1353 1079 cole

938 1095 1043 1127 Laeto
1068 1096 1187 1127 mentis
1214 1095 1395 1135 conamine,

892 1141 939 1174 Ut
963 1142 1091 1175 sincero
1116 1142 1187 1174 Deo
1214 1151 1292 1175 vero

939 1189 986 1221 Te
1012 1190 1241 1221 commendent
1266 1189 1422 1230 oramine,

819 1236 857 1268 V.
888 1236 994 1277 Euge,
1020 1236 1115 1276 plora
1140 1236 1181 1268 de
1206 1237 1305 1268 beato

889 1283 1048 1315 Praesule
1071 1293 1091 1315 a
1115 1286 1149 1315 te
1174 1283 1348 1323 translato,

888 1330 1078 1371 Deliquisti,
1106 1331 1145 1362 ob
1170 1331 1233 1362 hoc
1257 1329 1382 1362 Christi

890 1377 1085 1409 Valentinos
1109 1374 1319 1455 (quodghilag
1337 1376 1439 1409 habes

832 1481 863 1511 2.
889 1479 1073 1520 Martyrum
1099 1483 1150 1513 est
1170 1480 1330 1511 transitus

889 1527 999 1567 Signis
1021 1530 1225 1560 monstratus
1252 1527 1391 1558 caelitus

933 1574 1000 1606 Per
1024 1576 1130 1607 multa
1153 1574 1326 1614 mirabilia,

887 1622 973 1654 Nam
999 1631 1035 1653 se
1059 1627 1152 1655 vivos
1179 1621 1398 1653 ostenderunt

889 1669 1056 1710 Omnibus,
1083 1671 1138 1710 qui
1164 1669 1380 1709 quaesierunt

936 1717 1061 1749 Eorum
1086 1717 1221 1757 auxilia,

888 1763 1106 1805 Conferendo,
1133 1764 1309 1795 tribuendo

936 1811 1140 1851 Ineffabilia3

818 1857 858 1889 V.
888 1860 973 1891 Ater
1004 1858 1145 1891 Satanas
1170 1857 1314 1898 fugatur,

887 1907 934 1939 Et
957 1907 1107 1947 reliquiis
1132 1908 1320 1947 prostratur

887 1955 977 1987 Lues
1005 1954 1088 1995 dira,
1114 1953 1180 1985 Dei
1203 1954 1257 1984 ira

888 2002 942 2034 Sic
967 2002 1120 2042 placatur
1146 2004 1177 2032 et
1204 2000 1350 2031 sedatur.

830 2059 861 2091 3.
886 2059 1027 2091 Ruituro
1053 2057 1145 2090 Deus
1171 2056 1291 2090 mundo

887 2106 1097 2145 Foetulento,
1123 2104 1300 2136 furibundo

935 2154 1031 2185 Altas
1059 2153 1226 2184 columnas
1253 2152 1372 2183 statuit

889 2201 944 2233 Sic
967 2203 1142 2240 utrumque
1166 2199 1386 2240 Valentinum,

886 2248 952 2280 Per
963 2256 1044 2288 quos
1058 2248 1194 2280 verbum
1208 2255 1282 2278 esse
1296 2246 1442 2281 divinum

934 2295 1070 2328 Fideles
1095 2297 1174 2326 tunc
1197 2303 1262 2326 non
1285 2294 1396 2337 latuit,

886 2343 933 2375 Et
958 2343 1102 2375 caeleste
1127 2341 1304 2374 manifeste

934 2391 1086 2431 Regnum
1115 2393 1286 2422 aeternum
1311 2393 1440 2435 patuit3
