1655 2534
347 182 392 213 In
416 181 646 215 Laudibus

406 284 428 310 A
433 284 599 319 ntiphonae.

206 358 238 390 1.
263 358 377 398 Maria,
402 360 503 391 mater
525 359 632 391 Iacobi

262 404 306 436 Et
329 405 477 438 Iohannis
501 406 646 447 apostoli,

262 451 308 483 Te
332 452 496 492 benignam
521 452 663 484 omnibus

262 498 383 530 Praebe
407 499 648 538 postulantibus

209 564 241 596 2.
267 563 413 595 Andreas
439 565 479 596 de
503 564 615 596 Sibilia

263 608 403 642 Infectus
428 609 518 651 lepra
542 611 672 642 horrida

264 656 309 687 Et
331 656 476 689 Salomae
496 656 565 688 filia

262 703 493 735 Restaurantur
517 703 558 735 ad
576 704 722 743 pristina.

206 768 236 800 3.
263 767 421 805 Quaedam
445 767 584 799 Altruda
607 770 732 800 nomine

262 814 483 854 Elephantiam
506 815 640 856 patiens,

264 860 367 899 Ipsius
393 869 515 899 quoque
537 861 683 902 precibus

264 907 434 938 Mandavit
458 915 525 938 eam
548 907 710 940 Dominus.

208 972 239 1003 4.
262 971 437 1010 Margarita
463 972 615 1010 quaedam
638 974 764 1005 nomine

262 1017 406 1048 Eundem
432 1018 574 1050 morbum
601 1020 767 1059 sustinens,

810 83 856 119 38

904 103 952 110 ..—

933 179 1058 212 Verulis
1083 179 1228 222 obtinuit,

934 226 1023 265 Quod
1048 234 1107 266 per
1129 226 1266 259 Mariam
1289 226 1393 266 petiit.

1044 300 1091 328 Ad
1109 300 1292 328 Benedictus.

895 384 903 392 .
934 358 959 390 O
985 358 1079 390 beata
1101 358 1215 399 Maria,

932 405 1157 444 Apostolorum
1183 407 1285 436 mater
1308 404 1372 446 pia,

935 451 1035 483 Deum
1059 460 1118 491 pro
1143 455 1197 483 tuo
1221 451 1339 491 populo

936 498 1013 529 Cum
1038 497 1178 530 Iohanne
1203 502 1235 529 et
1259 497 1375 530 Iacobo

933 545 1116 584 Deprecare
1139 545 1276 583 assidue,

934 591 982 624 Ut
1005 600 1062 622 nos
1086 595 1200 632 purget
1224 601 1244 623 a
1269 591 1410 624 crimine.

1001 704 1048 735 ln
1076 704 1107 736 2.
1135 703 1352 743 vesperis

1053 775 1098 804 Ad
1117 776 1297 811 Magnificat.

900 862 907 868 .
939 833 1085 865 Gloriosa
1105 835 1139 865 tu
1163 834 1268 866 Maria

936 880 1070 919 Salome‚
1098 889 1167 911 oum
1191 881 1281 920 prole
1304 881 1359 921 pia

937 927 1003 958 Nos
1028 927 1212 959 commenda
1235 928 1397 968 salvatori,

936 974 984 1006 Ut
1006 973 1039 1004 in
1063 982 1160 1013 regno
1184 975 1298 1005 summi
1321 975 1388 1013 poli

938 1020 1115 1052 Goheredes
1140 1020 1246 1053 faciat.

271 1091 354 1117 Brev.
375 1099 426 1118 ms.
448 1092 476 1118 S.
506 1093 659 1120 Trinitatis
679 1096 711 1120 in
737 1094 861 1129 Alpibus
882 1095 952 1121 anni
974 1092 1054 1121 1455.
1096 1093 1163 1121 Cod.
1182 1094 1371 1121 Laurentian.
1398 1093 1490 1121 Conv.

197 1135 269 1191 iu&
277 1125 344 1191 ἓῖῗ
363 1127 510 1192 {mini}
527 1129 632 1200 (ἓτέῗέῖ
650 1129 1245 1212 313343ῗῖ1οἶᾈῑῖοῗιῗὶᾱσέἒ33ἔέἑὲιῖἰὲ,
1251 1131 1374 1196 ἶῗέῗέο
1389 1132 1491 1202 {stan

196 1201 249 1228 das
268 1203 377 1228 zweite.
396 1217 434 1222 —
453 1203 496 1230 In
515 1201 541 1230 2.
561 1204 662 1231 Noet.
681 1205 751 1232 Wie
769 1207 802 1232 in
821 1206 871 1233 der
893 1204 918 1232 1.
938 1205 1023 1233 Noct.
1041 1220 1080 1225 —
1099 1203 1120 1231 R
1143 1205 1167 1240 1,
1181 1205 1198 1232 7
1219 1209 1309 1234 tenes.
1330 1221 1368 1225 ——
1388 1204 1409 1233 Ε
1429 1204 1456 1240 2,
1470 1188 1489 1233 6

194 1243 240 1266 vir
261 1242 386 1266 ornatus.
407 1254 444 1258 —
465 1237 484 1265 R
508 1238 533 1274 3,
556 1239 572 1266 7
594 1241 680 1277 pedes
702 1241 815 1270 Christo
837 1243 947 1271 dantes.
967 1258 1004 1262 —
1022 1243 1067 1270 In
1086 1239 1113 1270 3.
1132 1244 1233 1271 Noet.
1257 1244 1294 1270 ad
1315 1243 1396 1271 Cant.
1417 1242 1450 1278 Α,
1469 1242 1490 1272 4

195 1276 352 1303 saeculum
364 1290 402 1295 —-
415 1277 493 1303 Zwei
513 1261 556 1303 R'R
573 1279 734 1314 promiscii,
754 1280 807 1307 das
827 1283 904 1308 erste
917 1280 978 1307 und
991 1282 1101 1308 zweite.
1113 1295 1151 1300 —
1166 1278 1187 1307 R
1210 1279 1235 1314 1,
1248 1279 1266 1307 5
1286 1282 1438 1309 Nuntiate.
1450 1296 1489 1301 ——

195 1310 215 1338 R
236 1310 262 1345 2,
276 1310 294 1340 3
315 1321 348 1348 sq
332 1322 356 1348 q.
377 1314 454 1341 wohl
473 1314 582 1350 korrup
583 1318 603 1342 t.
623 1330 660 1335 —
679 1317 721 1344 In
740 1318 852 1344 Laud.
874 1316 896 1343 Α
916 1316 943 1351 2,
955 1316 976 1344 4
995 1318 1195 1345 Restauratur
1216 1317 1290 1344 -A
1310 1317 1370 1352 3,1
1390 1319 1488 1347 Altru-

193 1347 266 1377 dam.
288 1325 698 1389 —A5wieAadpMagn
718 1353 796 1381 inl
815 1355 904 1390 Vesp

564 1487 606 1518 12.
629 1488 673 1519 De
691 1497 731 1520 ss.
751 1489 870 1522 Marino
893 1492 923 1521 et
941 1490 1107 1523 Ammiano.

332 1590 379 1622 In
403 1592 435 1623 1.
459 1592 677 1632 vesperis.
1001 1598 1064 1629 Ad
1087 1597 1357 1633 Matutinum.

1068 1672 1284 1701 Invitatorium.

942 1726 1101 1760 Christum
1124 1729 1288 1763 laudemus

986 1775 1109 1815 istaque
1136 1777 1188 1808 die
1211 1778 1390 1820 iubilemus,

940 1821 1008 1860 Qua
1031 1825 1180 1856 mercede
1201 1824 1286 1857 bona

987 1870 1106 1902 sanct-is
1133 1870 1189 1903 dat
1214 1872 1334 1904 caelica
1359 1874 1452 1907 dona.

381 1711 427 1739 Ad
444 1711 621 1748 Magnificat.

197 1805 237 1837 A.
269 1804 386 1842 Gloria,
414 1806 525 1846 virtus,
551 1807 603 1838 lex

314 1860 396 1891 spes,
409 1853 512 1891 gratia
525 1854 597 1893 tuis,
613 1854 739 1886 Christe
747 1865 813 1896 rex,

267 1898 337 1936 Qui,
363 1907 565 1939 quoscunque
588 1901 681 1943 regis,

311 1946 459 1985 perduc1s
484 1947 525 1977 ad
550 1948 631 1979 atria
655 1948 748 1991 regis,

265 1991 502 2031 Magnifioanda
522 1993 604 2032 polis

313 2038 404 2070 decet
428 2039 519 2071 huius
544 2043 577 2072 ut
602 2040 706 2073 orbita.
727 2042 814 2082 solis,

267 2084 334 2123 Qua
355 2085 499 2118 Marinus
525 2087 600 2128 obit,

312 2132 496 2164 Ammianus
521 2134 551 2165 ei
574 2135 677 2168 socius
700 2134 755 2178 fit3

267 2178 350 2216 Quos
374 2179 449 2223 quia
472 2182 599 2213 traxisti

308 2225 476 2265 lumenque
496 2236 636 2266 perenne
664 2229 789 2270 dedisti,

265 2270 331 2303 Nos
353 2281 458 2312 prece,
485 2273 560 2316 dux,
585 2275 697 2308 horum

313 2319 404 2351 trahe
429 2320 469 2352 de
491 2321 630 2354 tenebris
654 2323 811 2356 vitiorum.

1002 1963 1049 1994 In
1074 1964 1105 1998 3.
1131 1963 1358 2000 Nocturno.

1080 2035 1125 2063 Ad
1149 2036 1278 2065 Cantica.

870 2091 910 2122 A.
941 2090 1091 2124 Reddens
1115 2095 1277 2127 mercedes

992 2139 1071 2170 caeli
1094 2139 1182 2172 Deus
1207 2147 1330 2175 reserat
1353 2146 1449 2178 aedes

943 2184 1133 2226 Induoitque
1158 2187 1287 2221 chorum

994 2236 1175 2266 sanotomm
1198 2235 1269 2277 lege
1293 2237 1447 2283 laborum,

941 2279 1030 2311 Haec
1053 2280 1106 2313 via
1129 2282 1211 2314 mira
1231 2284 1335 2329 nimis,

988 2335 1050 2366 qua
1073 2337 1130 2361 nos
1155 2330 1308 2363 ducamur
1326 2310 1371 2365 'ab
1396 2335 1480 2371 imis,
