1655 2534
593 70 850 107 -155-

75 166 114 198 V.
143 166 220 206 Ipse
244 174 367 207 quoque
388 167 520 207 spiritus

147 213 210 245 Pro
234 213 325 245 nobis
350 214 517 254 gemitibus

150 260 293 292 Postulet
315 260 593 294 inenarrabilibus.

235 345 283 377 In
307 344 539 379 Laudibus,

289 418 486 453 Antiphonae.

91 479 121 509 1.
149 475 313 509 Profectus
338 486 358 509 a
377 476 510 509 Iuvavia

147 524 270 562 Quirini
294 523 443 564 suffragia

149 572 268 604 Caecus
294 571 423 610 quidam
449 568 620 609 experitur,

147 617 207 651 Cui
231 619 336 650 lumen
361 616 518 651 redditur.

89 676 118 706 2.
145 674 271 706 Debilis
294 674 422 714 quidam
447 672 583 715 pedibus

148 721 243 753 Fusis
266 721 375 761 puella
398 719 546 760 precibus

148 768 225 800 Post
249 768 416 799 missarum
442 765 607 798 sollemnia

147 814 232 846 Sana
256 814 342 846 redit
365 814 407 845 ad
431 813 573 853 propria.

89 872 119 903 3.
146 870 282 908 Quidam
306 869 391 902 beati
415 868 566 909 martyris

146 917 231 950 Visis
257 916 354 948 abbas
380 915 533 956 reliquiis,

147 964 231 1002 Quas
256 963 446 995 transmittit
466 963 501 994 in
518 961 698 1000 Franciam,

145 1011 277 1043 Decidit
298 1011 332 1042 in
357 1009 535 1042 amentiam.

89 1069 122 1100 4.
148 1067 254 1099 Poena
278 1067 428 1098 multatus
454 1065 573 1104 duplici

147 1114 290 1146 Tandem
315 1116 388 1146 voto
412 1112 550 1152 supplici

148 1161 248 1193 Prece
273 1160 369 1193 saluti
392 1159 548 1201 pristinae

143 1208 314 1249 Redditur,
341 1216 359 1239 0
383 1206 522 1246 Quirine.

148 1264 223 1296 Sine
246 1267 341 1304 pacto
365 1272 423 1295 nos
447 1261 584 1302 termini,

150 1311 289 1350 Quirine,
315 1310 442 1349 Martyr
460 1309 599 1348 Domini,

146 1359 177 1390 A
202 1359 355 1391 virtutum
380 1355 544 1397 naufragio

146 1405 215 1437 Tuo
239 1405 326 1437 muni
349 1403 507 1444 suffragio.

258 1479 304 1507 Ad
323 1478 508 1507 Benedictus.

74 1539 115 1571 A.
147 1537 296 1570 Visitavit
319 1545 376 1569 nos
400 1535 565 1572 Dominus.

146 1585 242 1617 Cuius
267 1584 388 1616 athleta
411 1583 559 1623 Quirinus

145 1632 272 1664 Nostris
296 1632 404 1663 illatus
427 1630 543 1662 finibus

145 1680 306 1712 Virtutum
329 1676 422 1710 floret
445 1676 590 1717 floribus,

144 1726 224 1759 Eius
248 1725 401 1766 siquidem
427 1724 576 1764 precibus

144 1773 269 1806 Salvari
294 1781 351 1805 nos
379 1772 588 1812 deposcimus.

90 1266 107 1296 <⁸51

258 1859 337 1891 Per
361 1857 510 1890 Horas.

286 1933 337 1960 At]
355 1934 491 1961 Primam.

73 1993 114 2027 A.
144 1992 254 2025 Prima
276 1991 430 2024 Dominus
453 1991 598 2023 inclitum

146 2039 235 2072 Stola
258 2039 364 2072 induit
387 2038 561 2080 Quirinum,

827 167 890 199 Per
914 166 1002 198 cuius
1025 165 1204 206 patrocinia

826 213 932 253 Digna
955 213 1073 254 gaudet
1096 212 1275 245 Germania.

966 313 1012 341 Ad
1029 315 1168 342 Tertiam.

790 426 797 433 .
825 399 915 432 Hora
938 407 1033 440 super
1056 408 1113 431 nos
1136 400 1233 431 tertia

828 446 945 479 Christi
969 447 1129 479 redundat
1152 447 1264 487 gratia,

826 494 906 525 Nam
933 493 1081 534 martyris
1107 494 1225 534 egregii

827 540 924 572 Festa
951 540 1080 572 colimus
1105 540 1237 579 Quirini,

971 641 1017 669 Ad
1040 641 1165 670 Sextam.

790 752 797 759 .
830 726 890 764 Qui
916 727 1009 758 cubat
1032 728 1065 758 in
1085 727 1219 760 meridie

826 772 960 805 Duleem
984 773 1110 807 Noricis
1134 774 1230 806 hodie

826 820 971 852 Christus
996 822 1129 852 contulit
1149 824 1328 863 patronum,

826 865 975 897 Sanctum
1000 867 1122 898 scilicet
1146 868 1317 906 Quirinum.

967 967 1013 995 Ad
1031 968 1154 996 Nonam.

788 1078 795 1085 .
826 1052 883 1091 Qui
907 1062 967 1092 pro
990 1053 1082 1085 nobis
1107 1053 1283 1086 indebitum

826 1099 898 1131 Hac
920 1099 1000 1132 hora
1024 1100 1119 1133 solvit
1145 1101 1295 1142 debitum,

825 1146 927 1178 Nobis
950 1147 1012 1179 isto
1038 1155 1107 1179 cum
1133 1151 1283 1189 martyre,

827 1193 982 1225 Mundum
1008 1194 1161 1227 concedat
1184 1196 1321 1228 vincere.

897 1334 943 1366 In
965 1336 996 1367 2.
1022 1334 1236 1375 Vesperis.

941 1435 986 1463 Ad
1005 1435 1183 1472 Magnificat.

788 1547 794 1552 .
825 1521 850 1554 O
877 1521 1056 1553 misericors
1080 1521 1226 1560 Domine,

824 1568 917 1601 Omni
940 1569 1053 1608 plenus
1079 1569 1257 1610 dulcedine,

825 1616 913 1647 Tuae
934 1615 1173 1648 misericordiae

824 1663 1023 1695 Recordatus
1048 1672 1081 1695 es
1108 1663 1212 1707 hodie,

824 1710 908 1742 Dum
932 1711 1120 1742 translatum
1143 1711 1177 1743 in
1202 1710 1336 1744 Noricas

824 1756 995 1797 Magnifice
1017 1756 1175 1798 glorificas

826 1804 999 1845 Quirinum,
1025 1808 1113 1837 tuum
1137 1804 1298 1845 famulum,

825 1851 908 1884 Nam
933 1853 1032 1892 ipsius
1057 1853 1099 1884 ad
1123 1853 1277 1884 tumulum

824 1899 923 1939 Aegri
948 1904 1099 1931 curantur
1123 1900 1227 1941 ocius,

828 1946 920 1979 Unde
946 1947 1036 1978 nobis
1061 1947 1218 1987 propitius

824 1993 870 2025 Et
893 1994 1037 2033 eorporis
1062 1996 1094 2024 et
1116 1994 1241 2026 animae

828 2039 944 2073 Confer
968 2040 1135 2081 medelam,
1160 2040 1305 2076 Domine,

149 2116 234 2143 BreV.
261 2123 314 2143 ms.
335 2114 515 2151 'Peg-urinum
534 2122 609 2142 saec.
633 2112 676 2142 15.
703 2114 776 2143 Clm.
797 2116 949 2150 Monacen.
978 2112 1086 2142 19302.
1107 2115 1140 2142 A.
1162 2129 1197 2134 -
1218 2116 1302 2144 BreV.
1323 2124 1376 2144 ms.

72 2153 252 2190 'Pegurinum
280 2160 355 2181 saec.
388 2151 431 2181 15.
461 2153 534 2180 Glm.
557 2152 710 2181 Monacen.
744 2150 853 2181 23174.
880 2153 912 2180 B.
940 2166 976 2171 —-
1002 2153 1086 2180 Brev.
1115 2161 1169 2181 ms.
1198 2154 1378 2190 Tegurinum

74 2192 144 2219 anni
167 2189 247 2219 1619.
288 2191 361 2219 Cim.
387 2191 540 2219 Monacen.
571 2188 605 2218 19
614 2188 670 2219 923
698 2190 727 2218 C.
748 2206 787 2211 —
809 2192 868 2219 Die
887 2190 1080 2218 vorstehende
1100 2192 1303 2226 monastisehe‚
1325 2201 1378 2220 aus

73 2229 238 2265 Tegernsee
268 2229 447 2258 stammende
469 2229 557 2257 Form
587 2228 682 2257 dieses
712 2228 861 2257 Officiums
890 2229 931 2256 ist
959 2227 1036 2256 wohl
1066 2229 1224 2257 zweifellos
1254 2229 1301 2258 (lie
1330 2239 1378 2258 ur-

75 2267 272 2303 spriingliche.
311 2267 420 2304 Einige
449 2266 557 2294 andere
576 2266 806 2295 Handsehriften
836 2267 933 2295 bieten
964 2265 1098 2294 dasselbe
1118 2266 1266 2302 Officium,
1295 2267 1379 2296 nicht

75 2306 152 2333 ohne
169 2306 410 2341 Abweichungen
435 2307 467 2333 in
487 2305 782 2333 nichtmonastiseher
800 2305 995 2341 Anordnung3
1024 2304 1085 2332 dies
1113 2305 1193 2333 sind:
1219 2306 1304 2334 BreV.
1325 2315 1378 2334 ms.

72 2343 233 2372 Ilminense
243 2344 314 2372 anni
326 2341 408 2371 1437.
420 2343 492 2371 Clm.
501 2342 656 2372 Monacen.
664 2341 792 2373 7391.D.
802 2358 841 2364 —-
850 2345 935 2372 Brev.
945 2351 999 2371 ms.
1006 2343 1235 2372 Franciscanum
1245 2352 1321 2373 saec.
1334 2342 1379 2374 15.
