1655 2534
781 124 1014 158 -34-

395 221 441 252 In
467 222 498 253 2.
525 220 737 259 vesperis.
998 220 1180 252 Illustratur
1206 217 1357 250 divinitus

1046 266 1138 299 Dono
1161 264 1358 305 prophetiae,

442 322 487 350 Ad
506 322 684 358 Mag-nificat.
997 313 1075 345 Eius
1100 321 1190 344 sacro
1215 311 1351 351 corpori,

1047 360 1121 391 dum
1145 362 1251 391 terrae
1276 358 1523 398 commendatur,

325 408 500 439 Decoratur
523 408 691 440 virtutibus
998 406 1176 439 Bestiarum
1201 405 1402 445 fortissimus,

371 455 486 487 Anima
509 455 640 497 Mariae,
1044 454 1093 485 leo
1118 452 1297 486 famulatur.

330 519 413 546 Brev.
443 528 496 545 ms.
525 518 698 546 Coloniense
726 525 801 545 saec.
830 515 875 544 15.
923 517 991 544 Cod.
1017 517 1178 544 Londinen.
1205 515 1335 551 Egerton
1362 514 1425 543 674.
1449 515 1484 542 A.
1510 531 1547 535 —

253 556 371 591 Antiph.
392 564 439 583 ms.
463 557 632 592 Tungrensc
652 564 725 583 saec.
748 553 791 582 15.
832 554 899 582 Cod.
919 555 1064 590 Tungren.
1091 563 1113 581 s.
1141 563 1169 581 n.
1194 554 1224 580 B.
1246 567 1283 571 —
1301 554 1386 580 Brev.
1406 562 1459 580 ms.
1480 554 1547 580 Zut-

252 594 411 629 phaniense
444 601 518 621 saec.
554 591 597 620 15.
638 593 705 620 Cod.
735 592 918 620 Bollandian.
951 600 973 618 s.
1004 601 1031 618 n.
1063 591 1093 619 C.
1115 606 1149 610 —
1177 592 1260 619 Brev.
1290 599 1343 618 ms.
1372 591 1547 618 Trevirense

254 638 328 658 saec.
351 628 394 657 14.
435 630 502 657 Cod.
531 632 678 658 Treviren.
705 627 769 658 236.
792 630 828 657 D.
857 645 861 649 ·
919 630 1001 657 Brev.
1026 638 1079 656 ms.
1099 630 1271 657 Trevirense
1291 636 1365 655 saec.
1388 626 1432 655 15.
1476 628 1545 655 Cod.

254 667 358 695 Cusan.
379 666 424 694 75.
443 668 479 695 Ε.
503 683 537 687 ——-
557 667 675 703 Antiph.
696 676 749 695 ms,
770 663 800 694 S.
819 667 933 694 Mariae
952 667 989 694 ad
1008 667 1122 695 Gradus
1141 666 1211 694 anni
1228 663 1309 692 1477.
1345 666 1415 694 Cod.
1436 665 1545 693 Semin.

253 704 401 732 Colonien.
431 703 480 732 5a.
500 705 533 731 F.
554 720 591 724 -—
609 705 694 732 Brev.
722 712 775 732 ms.
804 704 1009 732 Tremoniense
1038 712 1112 731 saec.
1141 702 1184 731 15.
1232 703 1298 730 Cod.
1328 704 1544 731 Darms‘tadjen.

253 739 316 769 869.
338 741 371 769 G.
402 756 438 759 —
460 743 542 769 Brev.
572 750 624 769 ms.
654 741 683 769 S.
703 742 816 769 Mariae
845 742 881 768 ad
908 741 1019 769 Gradus
1049 750 1123 769 saec.
1150 740 1193 769 15.
1235 740 1303 768 Cod.
1329 741 1545 768 Darmstadien.

253 778 316 806 977.
337 779 375 806 Η.
395 794 432 798 —-
451 779 535 806 BreV.
558 787 609 806 ms.
631 779 805 806 Coloniense
825 780 894 805 anni
915 777 996 806 1450.
1038 778 1105 806 Cod.
1128 778 1341 806 Darmstadien.
1365 777 1446 806 1100.
1468 779 1492 806 I.
1507 794 1546 799 —

252 816 335 843 Brev.
356 816 386 843 S.
408 816 531 844 Gudilae
549 816 714 844 Bruxellen.
734 818 802 851 imp.
824 816 946 843 Parisiis
969 814 1048 843 1516.
1068 817 1105 843 K.

326 872 369 899 In
390 870 413 899 1.
434 873 540 908 Vesp.
561 873 653 907 Super
674 874 722 901 Ps.
743 870 765 899 Α
786 872 859 899 fehlt
876 872 1041 900 AOFGHL.
1120 871 1150 906 R,
1172 872 1186 900 1
1207 872 1255 900 En
1274 874 1392 899 sanctus
1413 873 1544 901 Zosimas

230 918 239 925 ·
252 911 287 937 Α.
307 923 338 927 -
362 910 404 936 In
422 910 445 937 1.
467 911 551 938 Noct.
574 909 597 936 Α
620 909 644 944 1,
667 909 681 937 1
702 911 839 938 Sanctum
861 911 955 937 virum
972 911 1008 938 K.
1027 925 1065 929 —
1084 911 1124 938 In
1149 909 1174 939 2.
1194 910 1278 938 Noct.
1300 908 1322 935 Α
1346 908 1369 942 1,
1392 909 1409 937 5
1430 911 1544 945 Aegyp-

251 949 357 974 tiacam
376 946 412 973 K.
432 961 470 965 —
491 945 510 972 R
532 944 557 980 3,
580 946 594 974 1
615 948 690 975 lavit
706 949 743 975 K.
764 961 800 965 —
819 948 861 975 In
883 945 909 975 3.
931 948 1034 975 Noct.
1054 948 1154 975 lauten
1176 945 1220 974 ΒΕ
1242 945 1260 973 2
1277 947 1338 974 und
1357 945 1375 975 3
1394 949 1426 974 in
1445 947 1486 974 K:

261 992 287 1020 2.
306 992 396 1020 Veste
415 1001 469 1020 sua
486 995 630 1021 vetustate
931 991 957 1021 3.
978 994 1125 1029 Pei-ceptis
1146 994 1335 1022 devotissime

306 1030 389 1056 Trita.
408 1033 508 1057 sancta
529 1031 660 1058 nuditate
1015 1033 1203 1059 sacramentis
1224 1030 1332 1058 Christi

346 1067 461 1095 Nudum
482 1067 626 1096 Christum
646 1069 784 1104 sequitur,
978 1069 1072 1096 Uaria
1109 1071 1243 1104 precatur
1261 1070 1295 1095 in
1313 1076 1386 1104 pace

305 1105 363 1131 Die
382 1107 472 1139 aestu,
1015 1107 1074 1133 iam
1093 1115 1124 1134 se
1145 1106 1261 1133 dimitti.

304 1141 396 1169 Nocte
416 1142 484 1177 gelu
978 1143 1069 1178 Super
1088 1144 1198 1171 fluenta
1215 1143 1349 1171 Iordanis

341 1179 398 1206 Per
418 1188 501 1207 omne
519 1188 622 1215 corpus
641 1181 743 1207 uritur.
1016 1183 1181 1208 constanter
1199 1180 1338 1215 graditur,

248 1218 282 1244 V.
305 1217 391 1243 Nolite
416 1225 456 1242 me
485 1219 661 1252 oomzderarc,
690 1217 762 1251 quod
779 1217 863 1250 fusca
979 1218 1139 1245 Caelestem
1159 1219 1283 1254 patriam

303 1262 369 1287 sum,
390 1263 453 1288 qum
470 1256 625 1282 decoloravit
645 1263 683 1281 mo
703 1256 749 1281 sol.
1011 1256 1211 1283 incunctanter
1230 1256 1398 1290 ingreditur.

584 1301 617 1328 V.
642 1302 714 1328 Haeo
737 1302 839 1335 requies
863 1302 919 1327 eius
938 1303 969 1328 in
987 1303 1132 1335 sacculum,
1161 1304 1203 1329 laio

638 1339 773 1372 habitabit,
793 1340 919 1373 quoniam
938 1339 1013 1373 eleqit
1032 1348 1094 1366 eam.

321 1393 362 1420 In
381 1391 407 1420 2.
425 1394 598 1430 Vesperis
620 1395 657 1422 ad
675 1396 772 1431 Magn.
792 1394 843 1421 ha¹s
862 1396 890 1422 K
909 1396 955 1422 die
973 1395 1107 1431 folgende
1125 1395 1288 1431 Antiphon:

651 1442 739 1475 Deus,
761 1441 962 1468 misericordia
980 1442 1061 1469 dives

650 1479 677 1505 A
696 1479 833 1513 progenie
853 1480 884 1505 in
903 1480 1064 1514 progenies,

652 1516 747 1543 Vocat
764 1516 888 1542 Mariam

653 1552 883 1580 Misericordiam

653 1589 850 1624 consecutam,

650 1627 748 1655 Hodie
768 1627 942 1655 transferens
963 1636 1026 1655 eam

651 1664 697 1691 Ad
715 1665 893 1692 mansionem
912 1667 1013 1699 tutam,

653 1702 714 1730 Ubi
730 1710 784 1729 nec
803 1701 885 1729 dolor
903 1711 957 1730 nec
975 1705 1114 1739 gemitus;

650 1739 698 1767 Ibi
718 1747 769 1776 pro
790 1741 850 1767 suis
871 1742 933 1768 oret
952 1742 1142 1777 supplicibus.

655 1864 682 1895 9.
711 1865 754 1896 Dc
774 1873 797 1896 s.
817 1866 916 1898 Maria
935 1867 1126 1908 Magdalena.

376 1959 436 1991 Ad
460 1960 725 1995 Matutinum.
1127 1966 1320 2003 Antiphonae.

930 2022 960 2054 1.
987 2022 1065 2054 Cum
1088 2024 1186 2056 vellet
1208 2024 1361 2058 Dominus

443 2071 657 2100 Invitatorium.
1033 2070 1184 2102 mundum
1209 2079 1341 2104 evocare
1365 2075 1476 2108 salutis

985 2116 1038 2147 Ad
1061 2117 1168 2158 vitam,
1193 2119 1328 2159 populos

313 2164 430 2204 Regem
456 2166 611 2198 caelorum
1033 2163 1127 2198 rebus
1151 2164 1319 2205 verbisque
1343 2169 1488 2204 vocabat..

358 2211 525 2246 Dominum
572 2223 756 2249 veneremur
802 2216 857 2249 ha·
929 2219 960 2250 2.
987 2218 1126 2259 Cumque
1149 2221 1339 2255 Pharisaeus

493 2306 500 2312 .
636 2262 746 2294 bentes
1030 2266 1199 2299 Dominum
1210 2270 1370 2307 prandere
1382 2278 1535 2317 rogasset,

313 2303 407 2344 Spem
430 2314 550 2347 vemae,
576 2317 668 2348 quam
684 2310 859 2351 promeruit
987 2312 1154 2353 Corporeis
1180 2315 1296 2348 fruitur

359 2354 539 2386 veneranda
558 2355 671 2390 Maria.
1029 2360 1163 2401 dapibus
1189 2363 1267 2396 dans
1292 2366 1484 2405 spirituales.
