1655 2534
727 159 980 194 -256—

222 265 359 292 sponsum
378 256 414 290 E,
434 257 571 284 Nostrum
593 263 730 291 sponsum
749 254 780 280 F.
802 266 837 271 -
859 253 876 279 R
900 250 926 284 3,
947 249 965 279 3
984 251 1041 278 Per
1059 250 1180 277 mortem
1200 248 1233 276 A.
1250 263 1287 268 —-
1302 244 1322 272 Β
1344 244 1371 281 3,
1391 245 1410 274 4
1429 247 1517 274 ducta

225 294 262 321 ad
288 294 424 331 gaudium
453 294 512 321 EF.
541 307 575 312 —-
597 294 638 321 In
657 292 764 320 Laud.
785 290 803 316 Α
824 287 850 323 3,
872 289 886 318 1
905 287 1054 325 Rugiendo
1075 288 1284 322 praeparantur
1299 284 1333 311 A.
1354 299 1391 304 --
1410 284 1428 310 Α
1448 283 1474 317 4,
1497 283 1514 310 7

227 332 290 359 ssas
316 332 387 359 fehlt
412 331 445 358 A.
465 345 504 350 ——
523 330 541 356 Α
562 330 588 364 5,
609 329 625 358 6
644 330 680 358 In
699 329 815 357 sedibus
834 328 868 356 A.
890 343 927 348 —
945 327 986 354 In
1005 323 1031 352 2.
1051 325 1170 361 Vesp.:
1191 324 1228 352 ad
1247 324 1344 358 Magn.
1366 321 1393 356 Α,
1418 321 1431 349 1
1451 322 1515 349 Ista

226 369 261 396 A.
281 384 318 390 -a-
336 369 410 396 Ibid.
430 367 447 395 2
467 370 498 395 in
517 370 612 404 gratia
630 368 664 395 A.
686 382 719 386 —
740 366 812 394 Ibid.
836 364 853 394 6
872 365 977 392 nitoris
998 363 1029 390 C.
1051 376 1087 380 —
1107 363 1203 390 Hiezu
1216 362 1264 388 die
1277 361 1414 396 Hymnen
1427 359 1512 387 Anal.

220 406 288 439 XII,
308 407 362 434 No.
385 404 449 439 456,
469 404 533 438 457,
553 404 618 434 458.

668 495 713 527 93.
742 494 784 525 Dc
801 494 910 525 sancta
927 492 1051 524 Ursula.

356 566 400 598 In
429 566 457 598 1.
483 565 699 605 VesperiS.

401 639 493 674 Super
512 638 653 666 Psalmos.

221 696 261 727 A.
293 694 397 727 Laetis
423 703 568 726 canamus
593 694 720 726 vocibus

289 742 350 774 Tot
373 741 514 781 paradisi
537 739 677 783 fioribus,

292 789 373 827 Quas
397 788 561 827 virginitas
586 788 695 830 lilium,

288 834 388 866 Rosas
412 833 489 865 fecit
511 835 705 874 martyrium,

291 881 426 919 Quarum
451 889 544 920 prece
571 882 620 920 da,
646 880 789 918 Domine,

289 927 334 960 Ut
356 926 435 959 flore
455 927 626 966 pudicitiae

291 975 371 1006 Caro
396 977 504 1005 nostra
526 973 681 1013 refloreat,

290 1019 339 1051 Ne
362 1021 395 1051 in
420 1022 580 1051 aeternum
603 1023 720 1059 pereat.

354 1113 414 1145 Ad
437 1113 697 1145 Matutinum.

418 1186 629 1213 Invitatorium.

286 1243 418 1274 Auctori
442 1242 527 1273 vitae

337 1289 465 1328 psalmis
489 1288 650 1321 jubilando
674 1289 788 1328 venite,

293 1336 352 1367 Est
376 1336 449 1375 quia
471 1336 601 1375 virginei

337 1383 429 1414 decus
453 1383 532 1421 ipse,
560 1391 674 1414 corona
697 1382 829 1420 tropaei.

350 1476 395 1507 In
420 1475 450 1509 1.
474 1475 698 1506 Nocturno.

439 1547 622 1582 Antiphonae.

235 1605 263 1635 1.
291 1604 387 1636 Secus
412 1604 560 1636 decursus
583 1603 742 1635 fluminum

292 1651 386 1682 Stetit
408 1651 469 1682 hoc
492 1658 618 1690 germen
642 1651 806 1693 virginum,

291 1697 380 1735 Quod
408 1697 487 1728 nulli
514 1697 626 1728 cedens
651 1697 770 1728 turbini

287 1742 407 1775 Mansit
429 1743 462 1773 in
486 1743 554 1782 lege
578 1744 715 1775 Domini.

233 1799 264 1830 2.
289 1798 364 1830 Flos
389 1797 478 1830 fulsit
503 1807 541 1829 ex
564 1799 737 1839 Britannia,

290 1845 408 1877 Ursula
431 1845 530 1885 stirpe
553 1846 649 1885 regia,

288 1892 422 1923 Auctrix
447 1890 566 1923 fructus
590 1892 732 1933 virginei,

290 1939 480 1970 Praedicans
504 1942 706 1979 praeceptum
731 1939 800 1970 Dei.

234 1995 265 2026 3.
292 1995 438 2034 Signatur
459 2003 554 2033 super
577 1995 634 2026 has
661 1995 754 2035 digne

289 2041 358 2073 Lux
382 2041 487 2073 vultus
510 2041 567 2083 tui,
593 2042 738 2080 Domine,

290 2088 372 2126 Quas
396 2090 548 2127 tyrannus
575 2089 753 2128 collegerat,

289 2135 334 2167 Ut
356 2143 416 2174 per
439 2137 487 2165 tot
509 2144 602 2167 unam
628 2134 761 2167 auferat.

422 2199 625 2232 Responsoria.

234 2255 264 2287 1.
293 2256 386 2295 Virgo
409 2256 524 2295 regalis
549 2256 675 2299 Ursum,

290 2303 385 2334 Vultu
409 2305 441 2333 et
464 2303 566 2336 animo
591 2305 733 2346 pulchra,

290 2350 436 2388 Tyranno
462 2350 584 2382 cuidam
608 2352 736 2395 placuit,

289 2396 348 2435 Qui
372 2397 436 2428 late
460 2401 648 2437 praepotens
674 2397 743 2441 fuit,

897 562 934 594 V.
961 561 1093 593 Mittens
1119 570 1192 601 ergo
1217 562 1348 600 nuptam
1374 559 1498 592 Christo

963 607 1025 639 Suo
1049 608 1180 646 petebat
1202 606 1278 638 filio.

904 675 935 706 2.
961 672 1103 712 Tyranni
1130 672 1220 704 donis
1246 680 1283 703 ac
1307 671 1400 703 minis

889 1158 925 1190 V.

957 720 1053 751 Pater
1076 720 1219 758 pulsatus
1245 718 1376 758 virginis

962 766 1112 798 Precibus
1137 765 1218 805 fugit
1241 765 1361 797 intimis

958 813 1012 844 Ad
1036 814 1148 845 turrim
1173 811 1380 851 fortitudiniS,

957 859 1041 891 Hinc
1067 859 1234 891 discrimen
1261 858 1423 898 ecclesiae,

958 906 1043 938 Hinc
1066 906 1188 946 lapsum
1214 906 1328 937 timens
1353 904 1446 937 filiae.

926 996 933 1004 .
959 971 1124 1011 Equitatui
1148 971 1285 1002 auctoris

960 1019 996 1050 In
1022 1018 1164 1050 curribus
1191 1017 1375 1056 Pharaonis,

959 1064 1121 1104 virginum
1146 1073 1232 1105 grex,
1259 1064 1410 1096 similaris

957 1111 1036 1142 Post
1059 1112 1227 1143 transitum
1252 1111 1309 1142 alti
1332 1111 1441 1150 maris,

955 1158 1135 1196 Aegyptum
1148 1166 1300 1197 spernens
1315 1166 1381 1188 oum
1391 1158 1506 1197 palmis

957 1204 1091 1235 Domino
1117 1205 1203 1237 canis
1228 1205 1260 1235 in
1282 1204 1423 1243 psalmis.

1018 1345 1062 1376 In
1090 1345 1119 1377 2.
1147 1345 1204 1376 No
1219 1347 1379 1378 cturno.

1098 1418 1292 1454 Antiphonae.

925 1498 932 1505 .
958 1475 1099 1506 Auribus
1124 1476 1268 1515 percepit
1292 1475 1388 1516 Deus,

958 1522 1041 1553 Dum
1067 1522 1182 1554 clamat
1205 1531 1283 1562 grex
1308 1522 1478 1563 virgineus,

960 1568 1002 1599 Et
1026 1570 1090 1599 tam
1116 1569 1266 1601 Ursulam
1290 1570 1438 1609 servavit,

959 1615 1058 1653 Quam
1084 1623 1145 1653 per
1169 1615 1249 1647 hanc
1274 1616 1346 1646 ilias
1370 1617 1505 1650 vocavit.

928 1706 934 1712 .
962 1680 1072 1712 Oleum
1098 1683 1203 1712 exstat
1228 1680 1357 1712 effusum

957 1726 1105 1759 Mirabile
1130 1737 1242 1759 nornen
1267 1731 1366 1768 tuum,

959 1773 1043 1805 Hinc
1067 1776 1114 1807 tot
1138 1775 1396 1808 adulescentulae

960 1820 1148 1853 Dilexerunt
1171 1825 1213 1862 te,
1240 1822 1385 1856 Domine.

926 1910 932 1916 .
959 1886 1012 1918 Ad
1036 1886 1169 1918 nihilum
1194 1891 1243 1918 est
1268 1888 1423 1921 deductus

958 1932 1078 1964 Harum
1105 1938 1276 1974 conspectu
1299 1936 1471 1979 malignus,

960 1979 1046 2017 Quae
1070 1988 1104 2012 se
1128 1980 1272 2012 fecerunt
1296 1982 1456 2015 columbas

961 2026 1054 2058 Caste
1079 2028 1119 2059 ad
1146 2027 1301 2060 fenestras
1326 2038 1398 2062 suas

960 2073 995 2103 In
1021 2072 1227 2106 foraminibus
1252 2079 1373 2117 petrae,

960 2120 998 2151 In
1024 2122 1167 2152 cavernis
1191 2122 1357 2154 maceriae.

1096 2204 1301 2240 Responsoria.

928 2286 936 2294 ,
963 2259 1089 2291 Solatur
1114 2265 1235 2301 patrem
1262 2264 1381 2297 Ursula

964 2306 1021 2338 Dei
1045 2316 1178 2340 narrans
1202 2311 1340 2351 oracula,

960 2354 1061 2395 Iussa,
1087 2364 1127 2387 ne
1150 2356 1273 2389 hostem
1298 2358 1449 2401 confutet,

962 2400 1006 2433 Ut
1029 2410 1086 2441 spe
1111 2404 1248 2445 coniugii
1271 2408 1382 2450 mutet,
