1655 2534
742 164 993 199 -298-—

304 258 365 288 103.
400 261 547 292 (103115,
582 259 742 295 presbyteri
774 260 803 285 et
830 258 1016 291 confessoris,
1048 255 1073 284 6.
1101 256 1190 290 Ι111111,
1215 254 1275 293 [fo]-
1302 254 1386 293 89b].
1432 257 1516 290 Zwei,

229 299 284 326 wie
304 307 334 325 es
355 298 475 331 scheint,
496 298 589 325 einem
607 296 814 324 unbekannten
834 295 966 324 Officium
986 298 1186 323 entnommene
1206 294 1259 321 M:

417 354 450 380 A.
471 352 571 380 Laude
590 353 652 380 Deo
673 351 762 388 digna
784 351 961 379 celebremus
981 354 1077 379 mente
1096 352 1224 387 benigna

474 391 532 417 Hic
551 390 724 418 confessoris
744 389 899 416 sollemnia
917 391 1019 416 saneta
1037 389 1150 423 Goaris,

474 427 516 455 Ut
534 435 694 455 mereamur
713 436 778 454 eum
794 434 847 453 nos
869 434 982 461 semper
1000 427 1109 453 habere
1128 429 1291 461 patronum.

422 484 458 510 A.
476 483 580 510 Pastor
595 490 705 510 summe
724 483 813 515 Deus,
833 490 887 509 nos
907 482 1019 517 respice
1037 482 1213 518 propitiatus

474 520 532 547 Pro
552 520 725 547 confessoris
743 520 838 547 sancti
856 520 964 546 virtute
983 519 1088 548 Goaris

474 558 514 585 Et
531 565 584 585 nos
605 556 724 591 custodi,
745 565 811 584 cum
834 565 905 592 pace
923 561 1005 584 fuere
1023 557 1151 593 perenni.

300 640 363 670 104.
395 641 579 675 Gregorii,
610 648 703 676 papae
729 642 758 668 et
782 640 969 673 confessoris,
1001 638 1043 667 12.
1069 640 1184 674 Martii,
1211 637 1273 676 [fol.
1293 638 1376 677 94b].
1418 640 1517 675 Iuvit„

226 680 297 707 zwei
316 677 374 713 ΑΑ,
394 680 442 707 ein
462 677 482 704 Β
503 686 556 705 aus
576 678 639 705 dem
656 677 789 705 Officium
808 677 893 705 AnaI.
912 678 948 710 V,
970 678 1021 706 Nr.
1042 676 1087 705 64.

300 760 361 790 105.
380 761 405 789 G
411 771 424 789 r
431 770 446 789 e
453 769 472 796 g
480 769 496 788 ο
504 761 564 794 rii,
574 761 735 796 presbyteri
746 763 775 788 et
784 762 927 796 martyris,
939 758 983 787 22.
992 761 1061 788 Dec.
1074 758 1134 796 [fol.
1145 760 1198 789 119
1205 759 1245 798 b].
1263 762 1326 790 Nur
1336 762 1469 798 folgende
1477 760 1499 788 Α
1507 772 1514 789 :

601 817 713 850 Mareyr
733 817 862 852 Gregori‚

603 855 659 882 Cor
678 855 843 890 adaequans
865 856 908 882 ori

601 892 679 918 Vota
698 892 860 927 supplicum
884 891 1000 919 attende

601 929 643 956 Et
659 930 723 956 veri
742 929 849 957 amoris
868 931 900 956 111
918 929 1003 957 nobis
1022 931 1120 965 ignem

639 967 698 993 tuis
717 966 852 1002 precibus
872 966 1004 994 accende.

302 1040 363 1070 106.
389 1041 523 1071 Gudila
534 1050 550 1068 e
567 1041 699 1077 virginiS,
719 1038 746 1068 8.
767 1040 833 1067 Jan.
850 1039 886 1067 1⁰
899 1037 960 1076 [fol.
975 1038 1011 1067 61
1018 1037 1060 1076 b].
1091 1040 1188 1074 Iuvit„
1209 1042 1275 1068 eine
1287 1040 1442 1069 metrische
1454 1041 1515 1068 und

221 1080 286 1106 eine
313 1080 480 1115 prosaische
506 1077 527 1104 Α
555 1087 606 1106 aus
634 1078 698 1105 dem
726 1076 805 1105 offic.
833 1078 917 1105 Anal.
944 1077 1050 1112 XXVI,
1070 1078 1121 1105 Nr.
1141 1076 1187 1104 27.
1207 1093 1243 1097 —
1271 1076 1308 1105 20
1327 1076 1390 1114 [fol.
1412 1076 1465 1106 126
1474 1076 1512 1114 a]-

221 1116 240 1141 Α
262 1117 285 1144 Ο
307 1118 359 1152 pia
376 1117 457 1152 virgo
481 1115 596 1149 Gudila,
616 1116 675 1142 tuis
695 1115 792 1142 confer
811 1115 950 1150 suffragia
969 1118 1022 1142 etc.
1043 1123 1096 1142 aus
1117 1114 1283 1143 demselben
1308 1115 1451 1144 Officium.

296 1198 358 1227 107.
389 1199 574 1228 Gummari
594 1198 774 1232 confessoris,
797 1196 841 1226 11.
865 1199 926 1227 Oct.
946 1195 1008 1234 [fol.
1028 1195 1114 1234 88b].
1152 1200 1229 1227 Eine
1250 1198 1282 1227 A:

523 1255 609 1282 Ortus
630 1256 720 1291 stirpe
738 1263 880 1290 generosa
899 1254 1073 1283 Gummarus
1093 1256 1219 1289 emicuit,

524 1292 581 1324 Qm·
601 1293 741 1319 virtutum
760 1292 895 1327 speciosa
912 1292 1006 1319 Menti
1026 1301 1099 1327 puer
1117 1293 1231 1326 imbuit,

522 1329 558 1357 In
578 1331 690 1365 spineto
711 1329 793 1357 velut
811 1338 879 1357 rosa
897 1329 1001 1357 Mundi
1019 1329 1088 1357 falsi
1107 1330 1214 1358 floruit.

215 1396 316 1423 Danu:
335 1396 408 1423 Item
427 1397 458 1422 in
477 1396 540 1422 eius
560 1395 632 1423 festo
653 1398 784 1423 servetur
803 1396 881 1423 ist-ud
905 1395 1090 1432 suffragium:

593 1452 660 1484 Eia,
681 1451 781 1485 dulcis,
805 1453 860 1487 eia,
882 1460 956 1485 care,

596 1490 668 1516 Tuis
689 1491 764 1517 assis
782 1489 840 1524 hic,
861 1490 1023 1524 Gummare,

635 1526 730 1554 Festis
749 1527 960 1559 insistentibus,

599 1564 640 1590 Et
659 1563 708 1591 hic
726 1564 827 1591 laudes
846 1564 984 1591 inchoare

601 1601 679 1633 Quos
698 1602 802 1634 fecisti,
824 1609 1023 1630 consummare

635 1638 695 1665 Fac
713 1647 778 1665 cum
796 1639 870 1667 caeli
890 1639 1012 1667 civibus.

296 1728 358 1758 108.
386 1730 584 1759 Harlindis
606 1734 643 1758 et
663 1732 833 1759 Relindis
852 1734 1007 1769 virginum,
1029 1731 1054 1761 6.
1068 1734 1151 1761 Febr.
1173 1732 1208 1762 1¹·
1229 1731 1290 1770 [fol.
1306 1732 1405 1771 1153]
1433 1736 1510 1764 Nur:

386 1788 419 1814 A.
438 1787 568 1821 Virginis
587 1787 739 1815 Harlindis
758 1789 869 1817 merifis
888 1790 1079 1826 precibusque
1096 1791 1229 1818 Relindis

434 1825 520 1852 Nunc
538 1825 654 1852 famulis
673 1827 809 1853 miserere
828 1828 895 1860 tuis,
916 1827 992 1856 bone
1012 1828 1131 1862 Christe,
1151 1828 1300 1857 modestis.

294 1888 325 1916 2³
353 1887 415 1925 [fol.
439 1887 538 1925 136b].
561 1890 636 1918 noch
654 1890 802 1928 folgendes
823 1888 859 1918 R:

543 1948 577 1975 R.
599 1947 748 1975 Castitatis
768 1950 950 1984 margaritae,

600 1985 752 2012 Heu-liudis
770 1988 858 2020 atque
878 1986 1010 2014 Relindis
1028 1987 1160 2023 (beatae),

595 2023 631 2049 In
652 2030 759 2050 corona
776 2023 844 2050 Iesu
863 2024 938 2051 sitae

596 2059 729 2088 Nitentes
748 2069 816 2087 vero
837 2062 938 2096 signis,

595 2097 652 2124 Per
669 2106 723 2125 vos
744 2106 816 2125 saxa

595 2134 671 2162 Sunt
688 2137 720 2162 in
738 2136 823 2163 flores
842 2144 936 2170 versa,

595 2172 654 2200 Sex
675 2174 787 2201 obsessi
807 2173 933 2207 liberati,

595 2210 688 2245 Caeci,
709 2211 806 2238 claudi
825 2213 893 2238 sunt
911 2213 1007 2239 sanati

632 2248 744 2275 Divina
762 2249 924 2276 clemenfia.

546 2286 582 2313 V.
601 2286 731 2321 Virginis
752 2286 904 2313 Harlindis

632 2325 745 2351 meritis
765 2325 957 2359 precibusque
975 2325 1108 2353 Relindis

593 2361 679 2389 Nunc
696 2361 814 2390 famulis
833 2363 970 2389 miserere
989 2364 1056 2396 buis,

632 2399 709 2427 bone
729 2398 851 2433 Christe,
870 2400 903 2426 in
921 2401 1039 2428 saecula
1058 2403 1244 2430 saeculorum
1265 2399 1342 2441 [sic].
