1655 2534
613 113 867 149 —309—

250 201 331 230 Inter
352 203 550 240 Christicolas,
572 215 645 243 quos
666 208 742 235 actio
762 210 844 236 vexit
863 210 899 237 ad
921 212 1001 237 astra

285 240 359 268 Pars
379 241 434 269 tibi
454 251 505 278 pro
528 245 640 272 meritis
659 253 772 281 magne,
793 246 938 281 Machute,
959 249 1050 283 pater.

251 286 375 320 Quidam
396 296 500 316 caecus
520 291 609 325 venit,
631 292 730 327 rapuit
747 292 893 328 palpando
913 294 1044 327 salutem,

285 324 321 352 In
341 325 445 353 mediis
465 328 594 355 tenebris
614 329 698 356 fulsit
717 332 818 365 aperta
837 330 908 358 dies.

252 371 336 400 Alius
358 372 476 406 quidam
498 375 627 410 veniens,
649 376 717 403 dum
734 377 874 404 veherent
895 379 1024 405 membra
1043 381 1143 406 sancta
1163 379 1216 407 fer(
1224 383 1277 413 tro,

286 408 472 439 Subtractum
491 413 599 440 meruit
618 422 721 441 caecus
740 415 849 442 habere
868 414 953 443 diem.

248 454 441 492 Compedibus
460 459 569 486 validis
589 460 663 487 alter
682 463 863 497 manicisque
878 463 986 498 ligatus

283 494 355 522 Mox
373 496 472 532 tetigit
491 497 617 532 peplum,
637 498 730 526 ferrea
748 500 847 527 vincla
865 501 980 527 cadunt.

174 567 237 597 161.
258 570 478 599 Marcellini
504 572 668 608 presbyteri
689 576 717 601 et
734 575 840 602 Petri
866 575 1039 611 exorcistae,
1064 574 1091 602 2.
1112 576 1190 604 Iunii
1211 575 1274 613 [foL
1296 575 1396 614 1642}

93 607 172 634 Zwei
192 605 238 634 ΑΑ
268 608 304 635 ad
328 609 499 644 Magnificat
521 610 581 637 und
606 611 644 638 acl
667 611 842 639 Benedictus
869 620 921 640 aus
949 613 1042 640 ciuem
1067 614 1274 642 unbekanntcn
1298 615 1395 643 Reim-

95 643 230 678 officium‚
250 646 494 675 wahrschcinlich
515 656 567 675 aus
588 649 793 685 Seligenstadt.

434 695 468 721 A.
492 695 524 722 M
533 696 714 730 agnificet
731 697 872 723 virtutum
892 698 1049 724 Dominum

490 732 668 767 Angelorum
687 732 792 761 chorus
813 735 842 761 et
859 734 1017 767 hominum⁷

490 769 579 796 Cuius
601 770 681 797 dedit
700 773 862 798 consortem
881 773 978 807 gratia

490 807 662 835 Marcellino
684 808 803 835 Petrum
822 810 855 835 in
874 810 977 845 gloria,

490 844 560 871 Pari
579 845 708 880 gaudent
725 846 872 881 triumpho
893 848 1003 881 gemini

489 879 713 918 Triumphantes
733 884 786 910 sub
807 884 867 910 ictu
887 884 989 920 gladii.

434 929 468 955 A.
492 929 714 955 Benedictus
737 931 777 957 sis
797 938 884 957 verus
907 931 1012 963 oriens,

492 966 548 999 Qui
570 967 695 993 salutem
714 974 732 994 a
751 969 833 1002 patre
852 967 989 1002 prodiens

490 1002 628 1038 Operaris
648 1003 749 1031 mundi
770 1005 823 1031 sub
844 1006 966 1032 termino

489 1041 558 1067 Pari
579 1041 663 1069 binos
685 1041 797 1069 donans
817 1043 966 1077 martyrio,

491 1078 619 1111 Quorum
640 1080 731 1106 sacris
752 1081 879 1107 astantes
899 1080 1035 1108 laudibus

489 1116 558 1143 sine
578 1116 635 1144 fine
654 1118 788 1144 iuvemur
806 1118 950 1152 precibus.

170 1180 231 1210 162.
252 1182 364 1209 Marci
385 1183 590 1219 evangelistae,
612 1181 657 1210 25.
678 1183 747 1218 Apr.
768 1180 829 1219 [fol.
852 1181 905 1211 153
914 1181 952 1220 a]-

450 1231 484 1257 A.
505 1229 700 1267 Evangelista
717 1231 823 1258 summi
844 1232 930 1267 regis,

545 1267 606 1295 Nos
628 1268 690 1295 dita
710 1268 805 1296 cordis
826 1269 938 1303 opibus,

506 1305 662 1339 Memento,
681 1306 789 1339 Marce,
809 1307 854 1332 tui
873 1307 971 1343 gregis

544 1342 684 1379 Supernis
703 1344 784 1379 reple
804 1343 937 1378 dapibus,

507 1381 678 1409 Doctrinam
698 1380 769 1409 doce
787 1389 874 1408 verae
893 1382 967 1416 legis

544 1418 586 1446 Et
604 1418 717 1446 attrahe
736 1419 919 1446 caelestibus.

167 1492 228 1522 163.
248 1495 503 1531 Margaretae,
526 1496 649 1530 virginis
670 1497 700 1523 et
711 1496 856 1530 martyris,
878 1493 922 1524 13.
940 1495 989 1523 vel
1005 1492 1051 1524 30.
1069 1496 1148 1530 Iulii,
1171 1494 1204 1524 1ο
1230 1493 1290 1532 [fol.
1306 1494 1390 1533 97b].

88 1533 172 1560 Nach
194 1533 258 1560 dem
278 1533 496 1560 Invitatorium:

273 1581 429 1617 virginum
450 1589 567 1616 sponso,
588 1581 744 1609 iubilemus
765 1581 833 1608 Iesu
854 1579 968 1609 Christo
989 1581 1085 1615 hodie,

273 1617 332 1647 Suo
354 1627 410 1654 quo
431 1627 514 1646 sacro
534 1617 685 1654 (sanctam)
704 1619 900 1655 Margaretam
920 1620 1046 1647 sociavit
1065 1619 1202 1647 thalamo.

86 1665 161 1701 folgt
189 1665 237 1693 die
265 1664 287 1692 Α
315 1666 353 1693 ad
376 1666 475 1703 Magn.
501 1664 528 1693 2.
556 1666 643 1702 Vesp.
671 1675 724 1693 aus
749 1667 814 1694 dem
842 1666 976 1695 Officium
1000 1665 1087 1694 Anal.
1112 1666 1256 1701 XXVIII,
1284 1667 1335 1695 Nr.
1364 1665 1390 1695 3.

87 1703 217 1731 Hierauf
232 1704 273 1731 ist
292 1704 442 1739 folgendes
462 1704 694 1741 nachgetragen:

484 1752 557 1787 Ave,
578 1753 670 1787 virgo,
694 1751 802 1779 Christi
822 1760 937 1787 sponsa,

485 1790 557 1824 Ave,
577 1791 640 1818 Deo
660 1790 833 1824 praeelecta,

486 1828 679 1856 Sanctissima
696 1828 870 1864 Margareta,

485 1865 585 1894 Perfer
605 1868 705 1893 nostra
725 1866 850 1894 clemens
870 1868 940 1894 vota

483 1901 590 1941 In[tra]
610 1904 732 1931 thalami
752 1906 871 1939 secreta,

485 1942 548 1976 Quo
570 1951 635 1970 cum
654 1950 761 1978 sponso
782 1941 891 1977 gaudes
907 1943 994 1970 laeta.

418 1989 481 2017 1nv.
504 1989 618 2017 Montes
638 1997 748 2025 pronae
766 1990 843 2017 vot-is
863 1989 960 2017 laetae

502 2028 538 2055 In
558 2035 651 2064 agone
670 2028 856 2064 Margaretae

539 2065 725 2094 Modulantes
745 2064 879 2093 iubilent.

83 2111 122 2139 20
142 2111 204 2150 [fol.
225 2111 324 2150 1762}
360 2111 383 2140 Α
404 2114 441 2141 ad
460 2112 582 2150 Magnis.
604 2122 657 2140 aus
677 2113 743 2141 dem
763 2112 898 2140 Officium
918 2112 1001 2140 Anal.
1020 2112 1144 2145 XXVII,
1166 2113 1220 2141 Nr.
1241 2110 1268 2140 3.

161 2188 226 2218 164.
244 2190 390 2218 Mariae
402 2189 673 2227 Aegyptiacae,
686 2190 826 2225 martyfis
840 2189 1049 2224 paenitentiae,
1064 2187 1170 2224 9.Apr,
1186 2187 1220 2216 10
1234 2186 1295 2225 [fol.
1307 2188 1388 2227 95a].

83 2225 105 2253 Α
127 2228 163 2256 ad
185 2228 296 2263 Magn„
315 2229 413 2263 Iuvit„
434 2228 496 2256 und
515 2226 533 2254 2
554 2226 600 2255 ΑΑ
624 2236 676 2256 aus
696 2227 762 2256 dem
782 2226 915 2256 Officium
935 2226 1021 2254 Anal.
1041 2226 1153 2260 XXIII,
1170 2228 1222 2256 ΝΥ.
1243 2225 1274 2262 8;
1295 2228 1389 2256 daun:

441 2276 476 2303 A.
500 2276 524 2303 O
543 2276 647 2310 Maria,
667 2279 759 2304 mater
778 2276 837 2311 pia,

497 2315 714 2342 Paenitentiam
734 2322 810 2350 quae
831 2321 861 2340 es
880 2314 932 2339 via

501 2351 706 2388 supplicantes
727 2353 774 2379 die
787 2352 845 2379 isto

498 2390 560 2417 Nos
581 2391 753 2420 commenda
770 2391 840 2418 Iesu
859 2390 985 2425 Christo,
