1655 2534
231 260 265 293 V.
300 261 418 304 Culpae
443 262 562 302 scripta
580 260 659 302 dele,

345 318 401 341 nos
425 318 526 349 purga
551 309 631 340 dono
655 307 807 339 medelae.

241 374 271 405 2.
298 374 383 406 Rosa
407 373 551 414 fragrans
575 373 659 405 inter
683 373 799 412 spinas,

296 420 424 452 Rubens
449 420 578 460 Rachel,
604 420 774 452 medicinas

343 467 462 499 Ferens
488 466 653 508 amicitiae,

297 513 389 545 Hanc
414 513 527 545 dilexit
548 512 643 544 Iacob
667 521 741 545 vero

299 561 414 592 Potans
440 569 507 591 eam
534 559 618 591 dulci
641 567 727 590 mero

343 606 437 645 Signo
461 606 652 648 pudicitiae3

229 651 264 683 V.
295 652 393 693 Roga,
418 653 507 691 virgo
534 652 636 693 digna,

344 707 402 737 pro
427 698 516 729 nobis
541 705 618 729 voce
644 697 787 736 benigna.

240 763 271 796 3.
298 763 392 794 Pater
417 762 519 794 carnis
543 762 635 793 istam
661 763 737 800 odit,

298 809 361 841 Sub
386 817 540 840 novercae
563 818 657 841 manu
681 808 763 840 fodit

343 855 458 887 Matris
484 863 593 886 carens
618 857 735 896 specie,

298 902 401 934 Instat
424 905 499 934 nata
522 910 617 941 prece
640 903 706 934 lata

300 948 412 981 Secum
439 950 508 980 iens
533 948 679 981 dedicata

343 995 482 1026 Visitare
506 994 641 1037 climata,

226 1040 264 1074 V.
292 1041 407 1073 Feram
430 1041 560 1081 aptavit,

344 1089 414 1126 post
439 1089 562 1127 patrem
587 1088 648 1120 cito
671 1087 796 1120 meavit.

361 1226 406 1257 In
433 1229 463 1261 3,
490 1227 716 1259 Nocturno.

441 1309 634 1344 Antiphonae.

242 1377 271 1407 1.
298 1375 453 1406 Virtutum
479 1376 562 1406 mola

342 1421 418 1452 terit
443 1422 532 1462 virgo
557 1422 617 1452 tria
643 1431 749 1464 grana,

298 1468 375 1500 Cum
400 1469 510 1508 quibus
535 1468 634 1500 multa

346 1515 483 1554 suscepit
508 1515 654 1554 dogmata
678 1514 767 1548 fulta.

241 1581 272 1611 2.
297 1579 415 1610 Multos
440 1580 572 1620 vocavit,

347 1634 365 1656 a
387 1624 476 1657 faece
501 1626 662 1658 cn'minum
686 1628 774 1668 lavit,

301 1671 412 1703 Fontis
434 1672 551 1704 undam
577 1672 695 1705 Christi

347 1718 517 1757 potabilem
545 1727 613 1750 esse
639 1719 751 1753 fecisti.

270 1808 277 1815 .
303 1784 349 1816 Ut
371 1783 456 1815 rivus
481 1793 500 1815 a
523 1784 611 1817 fonte

350 1830 520 1870 derivatur,
547 1832 672 1864 scandis
697 1841 717 1863 a
733 1837 847 1875 monte,

302 1876 384 1908 Filia
408 1878 540 1915 pulchra
559 1877 621 1910 Dei

349 1924 470 1955 vocaris
496 1924 607 1955 ordine
630 1926 686 1958 rei.

436 2007 640 2042 Responsoria.

268 2096 276 2102 .
303 2073 362 2111 Qui
383 2073 569 2113 prophetam
595 2074 664 2106 cibo
687 2076 786 2115 pavit,

301 2119 465 2151 Danielem
488 2120 627 2152 latitavit

348 2166 435 2198 Lacu
463 2167 667 2208 subterraneo

304 2212 380 2245 Cum
402 2214 545 2246 leonibus
570 2215 731 2256 modestis,

305 2259 358 2290 Sic
382 2261 528 2293 ancillam
550 2264 636 2294 tuam
661 2263 757 2295 vestis

350 2306 417 2337 Tuo
434 2310 679 2352 propugnaculo,

301 2350 403 2384 Saeva
426 2358 527 2386 morte
551 2356 620 2389 dira

350 2400 513 2433 laudemus
534 2405 570 2433 ut
590 2406 646 2435 tua
667 2404 756 2435 mira.

848 162 893 199 98

940 179 988 188 -ι-

917 261 949 292 2,
974 258 1092 291 Haurit
1115 266 1237 297 aquam,
1264 256 1333 289 laus
1356 253 1389 287 in
1416 253 1522 294 caelis,

971 305 1062 337 More
1087 305 1188 345 gentis
1212 303 1341 337 Israelis

1017 352 1120 384 Fonte
1143 352 1217 383 dato
1243 350 1373 382 caelitus

971 398 1127 431 Haustum
1152 399 1257 439 sumit,
1284 397 1369 428 sitim
1395 400 1496 433 sanat,

971 445 1079 487 Surgit
1102 446 1200 486 virgo,
1226 453 1300 476 mox
1324 442 1456 475 infamat

1016 493 1115 524 Rivus
1140 495 1226 523 terra
1250 491 1372 529 editus;

902 540 936 570 V.
968 538 1105 578 Lepram
1130 546 1290 570 servorum

1017 585 1172 626 absterge,
1199 587 1319 624 sancta,
1345 587 1479 615 tuorum.

970 642 1058 673 Auro
1082 642 1168 671 tecta
1192 649 1266 673 arca
1288 639 1357 682 Dei,

971 687 1070 727 Intus,
1097 686 1184 726 foris,
1210 696 1282 719 nam
1306 687 1431 726 tropaei

1018 735 1143 766 Tenens
1168 742 1293 773 semper
1319 734 1464 774 culmina,

973 781 1059 819 Quae
1083 789 1198 812 corona
1222 781 1291 812 auri
1316 789 1397 819 pura

970 826 1163 859 Fabrefacta
1189 827 1308 860 Christi
1331 827 1402 859 iura

1018 874 1141 914 Legens
1166 874 1197 906 in
1225 874 1378 916 ecclesia,

970 921 1065 964 Audi,
1092 921 1180 960 virgo
1202 921 1267 962 pia,

1018 970 1052 999 tu
1076 971 1114 999 es·
1133 967 1212 999 haec
1236 976 1311 999 arca
1336 967 1453 999 divina.

1146 1041 1277 1069 Prosula.

938 1122 945 1130 .
972 1097 1093 1128 Psallat
1117 1105 1186 1128 cum
1211 1098 1352 1137 tripudio

974 1142 1059 1175 Caeli
1084 1146 1209 1182 sumpta
1232 1144 1321 1184 solio,

970 1189 1163 1221 Veneremur
1187 1191 1294 1222 cernui

973 1236 1134 1268 Odradam
1158 1240 1300 1269 sanctam
1325 1237 1450 1277 singuli.

939 1317 946 1324 .
974 1291 1136 1332 Virginale
1160 1294 1307 1332 gaudium

973 1338 1121 1371 Dicamus
1147 1348 1203 1371 nos
1228 1341 1269 1372 ad
1294 1340 1474 1379 Dominum,

973 1385 1030 1423 Qui
1056 1386 1095 1417 de
1119 1388 1221 1418 matre
1246 1387 1367 1428 virgine

973 1431 1051 1463 Vult
1073 1433 1160 1463 nasci
1185 1434 1294 1465 mundi
1321 1434 1462 1468 crimine.

940 1513 946 1519 .
972 1487 1057 1528 Ergo
1082 1497 1138 1519 nos
1162 1497 1231 1520 cum
1257 1490 1400 1523 cantibus

973 1534 1138 1567 Pulsantes
1165 1537 1407 1569 consonantibus

973 1580 1151 1612 Laudemus
1177 1583 1290 1614 trinam
1315 1586 1501 1627 machinam,

974 1626 1071 1665 Quam
1096 1628 1162 1667 poli
1186 1630 1296 1661 laudat
1324 1632 1421 1663 curia.

914 642 945 673 3.

1069 1739 1114 1771 In
1141 1740 1365 1777 Laudibus,

1121 1814 1314 1851 Antiphonae.

940 1897 948 1904 .
974 1870 1099 1903 Laudes
1127 1872 1240 1912 dignae
1265 1875 1379 1908 dentur
1400 1877 1478 1914 Deo,

975 1916 1033 1956 Qui
1058 1919 1219 1951 Odradam
1242 1921 1276 1952 in
1300 1925 1431 1961 tropaeo

972 1963 1101 1996 Fortem
1126 1964 1211 2003 fecit,
1238 1968 1359 1999 hostem
1382 1970 1457 2001 iecit

1023 2011 1129 2043 Omnis
1153 2012 1381 2048 immunditiae.

943 2091 950 2097 .
977 2066 1091 2099 Mundi
1115 2065 1232 2100 fastum
1257 2070 1418 2103 abdicavit

979 2113 1072 2153 Virgo
1100 2113 1229 2157 Christi,
1255 2126 1346 2156 quam
1374 2120 1488 2151 ditavit

976 2158 1061 2191 Deus
1085 2163 1187 2202 pater,
1215 2164 1294 2195 caeli
1318 2169 1434 2205 rector,

1026 2207 1124 2239 Donis
1148 2210 1331 2247 pudicitiae.

944 2287 951 2292 .
978 2261 1079 2294 Deum
1103 2264 1231 2306 trinum,
1258 2276 1348 2306 quem
1373 2270 1482 2308 sitivit,

978 2308 1081 2342 Corde
1105 2320 1186 2350 puro
1213 2315 1402 2356 concupivit,

979 2355 1101 2397 Corpus
1123 2361 1233 2393 tenens
1255 2362 1381 2395 vinculo

1024 2405 1125 2436 Annis
1150 2408 1207 2439 sub
1231 2407 1396 2447 infantiae.
