1655 2534
732 122 986 159 —250-*

290 220 353 254 Sed
378 219 478 254 multa
500 223 573 261 post
594 220 760 260 praeludia

332 267 463 299 Relictis
488 268 553 299 suis
577 266 707 298 navibus

378 314 509 346 Romam
522 315 657 354 pergunt
668 321 828 353 prospere.

230 371 262 402 5.
287 370 354 401 Hos
380 373 412 400 et
432 378 516 410 papa
539 369 740 401 Britannicus

211 732 252 765 A.

331 416 447 448 Divina
471 416 569 448 fretus
595 414 730 447 formula

354 462 498 501 Suscepit
521 465 712 502 reverenter,

286 509 367 548 Quos
391 511 475 540 totus
499 512 534 540 ut
557 508 746 547 Seraphieus

331 555 444 594 Spreta
467 555 577 595 papali
600 553 701 586 infula

378 601 508 634 Secutus
534 604 580 633 est
606 601 788 640 gaudenter.

400 674 445 701 Ad
463 673 639 710 Magnificat.

284 733 308 764 O
333 733 474 763 increata
498 732 631 770 bonitas,

281 779 306 811 Ο
331 778 493 817 virginalis
517 778 649 818 puritas,

328 825 396 856 Fac
418 832 475 856 nos
502 825 595 864 digne
620 824 764 856 venerari

286 872 331 903 Te
355 879 468 910 agnum
492 872 560 903 sine
583 870 715 910 macula,

284 918 381 956 Quem
403 921 512 950 sancta
534 926 667 957 sequens
693 917 812 950 Ursula

329 964 445 996 Tecum
469 964 565 996 habet
589 964 732 1003 quietari,

283 1011 355 1043 Una
380 1019 449 1041 cum
474 1012 539 1042 eius
564 1010 686 1050 agmine

283 1055 491 1096 Magnificans
516 1060 548 1088 te
572 1056 716 1089 Domine.

347 1159 406 1190 Ad
431 1158 690 1193 Matutinum.

413 1232 625 1260 Invitatorium.

284 1289 364 1328 Regi
386 1298 504 1321 summo
527 1290 687 1321 numinum

334 1335 444 1367 Latria
467 1336 633 1374 tribuatur,

285 1383 323 1414 In
348 1391 408 1421 quo
433 1384 499 1414 solo
523 1383 679 1423 virginum

329 1429 418 1460 Haeo
441 1430 535 1461 turba
558 1430 720 1470 gloriatur.

344 1522 390 1553 In
416 1522 446 1554 1.
472 1522 696 1557 Nocturno.

423 1594 615 1631 Antiphonae.

257 1676 264 1683 .
289 1651 333 1682 Hi
357 1654 430 1681 sunt
452 1650 546 1683 flores
569 1653 721 1691 purpurei

333 1697 457 1736 Ubique
481 1698 668 1736 redolentes,

284 1745 321 1776 In
346 1744 457 1774 summi
479 1745 551 1784 ripa
574 1744 656 1777 alvei

329 1790 423 1821 Hunc
447 1793 566 1823 aestum
590 1800 653 1823 non
670 1792 824 1826 timentes,

253 1870 260 1876 .
285 1845 411 1877 Excelsi
435 1847 517 1886 regis
539 1846 603 1878 filio

332 1892 482 1924 Proceres
507 1894 701 1937 ordinantur,

286 1939 344 1977 Qui
369 1938 523 1979 virginum
550 1940 679 1980 collegio

331 1985 444 2017 Purius
468 1987 656 2020 adunantur.

251 2066 258 2073 .
284 2041 354 2073 Non
379 2041 490 2074 timent
513 2043 615 2075 sancti
637 2043 727 2076 milia

329 2089 444 2127 Populi
464 2090 640 2128 saevientis,

285 2134 361 2167 Cum
385 2135 427 2166 sit
449 2135 482 2168 in
508 2137 551 2168 eis
576 2137 679 2176 gratia

330 2181 456 2214 Domini
479 2184 682 2224 protegentis.

416 2257 620 2293 Responsoria.

249 2337 257 2345 .
282 2314 438 2345 Immenso
462 2315 529 2355 regi
553 2315 671 2348 Ursula

330 2360 419 2392 Haec
440 2370 556 2402 sponsa
582 2363 757 2406 dedicatur,

955 218 1000 251 Ut
1023 216 1157 249 fundens
1182 216 1285 248 lumen
1312 212 1418 247 facula

1001 265 1080 296 Tota
1106 265 1153 296 sio
1177 262 1399 303 inflammatur,

955 311 1170 351 Puritatisque
1194 310 1340 342 normula

1000 359 1039 390 In
1062 358 1135 397 ipsa
1158 358 1348 399 declaratur,

916 431 924 439 .
954 405 1100 447 Pulchra,
1127 405 1267 445 prudens
1291 401 1459 443 infantula,

956 452 1074 484 Christi
1099 450 1235 484 formata
1257 451 1378 491 regula,

1002 498 1129 537 Ubique
1155 498 1345 537 divulgatur,

923 582 930 589 .
957 553 1079 587 Diffusa
1102 551 1187 585 fama
1211 553 1332 593 gratiae

1002 600 1132 633 Puellae
1149 600 1334 639 venustatis,

954 648 1007 679 Ad
1031 655 1137 686 regem
1162 647 1248 679 venit
1271 646 1410 687 Angliae

999 694 1063 726 Hic
1086 703 1193 726 rumor
1215 693 1395 736 probitatis,

958 742 1003 774 Ut
1024 740 1113 780 fiant,
1138 741 1231 780 petit,
1257 742 1388 779 nuptiae

1002 787 1086 819 Filio
1114 787 1295 828 dignitatis,

917 859 925 867 .
955 834 1058 866 Mittit
1081 836 1149 874 regi
1171 834 1366 874 Britanniae,

956 881 1044 912 Patri
1068 884 1133 912 tam
1158 883 1267 921 gratae
1291 879 1386 920 filiae,

1001 928 1072 959 Rex
1095 929 1195 959 mirae
1219 926 1367 961 feritatis.

925 1010 931 1017 .
957 984 1060 1015 Docta
1086 983 1158 1016 divo
1183 983 1335 1015 miraculo

953 1030 1048 1070 Regis
1073 1030 1245 1070 spopondit
1269 1030 1385 1067 baiulo,

1001 1078 1089 1116 Quod
1113 1078 1205 1116 petit,
1228 1085 1264 1109 se
1284 1075 1452 1117 facturam,

951 1125 1036 1156 Dum
1059 1131 1094 1154 se
1117 1122 1290 1163 perfundat
1313 1123 1415 1155 rivulo

954 1170 1068 1202 Undae
1091 1169 1251 1209 baptismi,
1278 1171 1393 1202 annulo

999 1216 1040 1248 Se
1065 1216 1144 1248 dicit
1168 1225 1409 1259 consensuram,

913 1290 921 1297 .
951 1263 1085 1295 Undeno
1109 1264 1191 1303 petit
1214 1263 1336 1295 cumulo

953 1310 994 1341 Se
1019 1310 1235 1350 virginumque
1258 1310 1354 1342 naulo

999 1356 1133 1389 Milleno
1157 1357 1358 1390 vallaturam.

1016 1498 1060 1529 In
1086 1498 1117 1532 2.
1144 1498 1372 1531 Nocturno.

1104 1571 1299 1607 Antiphonae.

922 1662 929 1670 .
955 1637 999 1669 Hi
1025 1636 1104 1667 caeli
1128 1637 1334 1670 tabernacula

1000 1684 1127 1715 Intrant
1149 1693 1208 1724 per
1231 1684 1396 1726 iustitiam,

957 1730 1014 1769 Qui
1040 1730 1146 1762 cordis
1169 1732 1240 1763 sine
1262 1733 1387 1764 macula

1001 1777 1170 1810 Continent
1191 1779 1391 1813 munditiam.

919 1857 927 1865 .
951 1833 1038 1865 Mira
1062 1833 1195 1867 dictavit
1219 1835 1374 1868 Dominus

1000 1881 1039 1912 In
1062 1882 1180 1913 sanetis
1206 1882 1270 1913 suis
1291 1885 1407 1924 terrae,

956 1927 1153 1960 Conservans
1179 1937 1231 1960 eos
1256 1931 1400 1968 protinus

999 1974 1030 2006 A
1053 1974 1145 2007 malis
1170 1985 1284 2008 saevae
1308 1986 1451 2016 guerrae.

922 2054 929 2062 .
954 2030 1045 2062 Haec
1067 2032 1263 2064 undenorum
1286 2033 1409 2066 milium

1002 2076 1096 2108 Casta
1120 2080 1281 2118 generatio

953 2123 1014 2155 Est
1037 2123 1206 2157 Dominum
1231 2130 1450 2166 quaerentium

1000 2170 1059 2203 Cui
1083 2171 1274 2206 benedict-io.
1455 2155 1464 2172 ’

1090 2254 1296 2292 Responsoria.

923 2346 931 2353 .
955 2319 1072 2354 Relatu
1095 2320 1180 2355 facto
1207 2324 1336 2364 virginis

1001 2367 1072 2399 Rex
1095 2371 1164 2402 tota
1189 2379 1260 2403 cum
1284 2371 1406 2408 familia
