1655 2534
347 200 553 236 Responsoria.

155 263 185 297 1.
212 265 308 298 Venit
331 266 462 298 Martha
486 276 582 307 super
606 268 720 301 fretum

209 313 347 351 Propter
371 314 560 346 Iudaeorum
584 318 712 356 metum,

209 359 311 394 Remi,
338 360 409 391 vela
432 369 494 392 non
522 360 678 393 dabantur

209 405 252 437 Et
278 406 341 438 cibi
366 406 644 447 subtrahebantur,

137 452 176 484 V.
208 453 263 484 Sic
288 461 392 484 secum
418 453 458 485 ad
483 454 660 487 Marsiliam

207 499 301 531 Suam
330 500 420 532 duxit
444 499 606 534 familiam.

152 565 183 598 2.
210 564 297 598 Urbs
322 566 479 604 Aquensis
504 567 661 608 visitatur,

209 612 255 643 Et
274 612 366 651 plebs
390 612 491 644 multa
514 614 706 656 baptizatur,

212 659 342 691 Martha
366 659 463 699 signis
489 663 520 691 et
541 662 696 699 portentis

209 705 384 737 Feritatem
411 707 519 738 domat
542 709 644 747 gentis

136 750 173 783 V.
205 752 372 784 Avinionis
396 752 513 784 finibus

206 799 251 830 Et
273 799 463 831 Tarasconis
488 800 637 839 syrtibus,

149 866 180 897 3.
207 863 342 895 Demum
367 864 497 896 Martha
520 865 698 898 Tarascono

209 911 374 943 illustrata
399 911 459 943 Dei
485 912 567 944 dono

209 958 246 989 In
272 958 345 989 aula
370 958 494 990 sistitur
517 958 602 999 Heli,

207 1006 293 1044 Quae
318 1005 434 1037 cibavit
459 1014 565 1046 regem
591 1006 680 1046 caeli,

134 1053 173 1084 V.
202 1051 277 1083 Erit
300 1060 415 1092 perpes
439 1053 591 1085 memoria

205 1098 270 1132 Sua
295 1107 364 1130 cum
388 1099 449 1131 Dei
474 1099 583 1139 gloria.

293 1239 341 1271 In
365 1239 594 1275 Laudibus,

349 1323 543 1359 Antiphonae.

148 1391 177 1422 1.
204 1391 241 1421 In
269 1390 361 1422 domo
385 1390 607 1423 sanctitudinis

208 1437 331 1468 Decore
355 1437 599 1477 pulchritudinis

208 1483 300 1516 Suam
329 1484 486 1523 hospitam
511 1485 638 1526 locavi,

204 1531 320 1563 Orbem
346 1534 451 1563 terrae
476 1531 530 1571 qui
554 1530 702 1565 firmavit.

146 1598 176 1629 2,
203 1596 353 1628 Introivit
376 1597 409 1627 in
434 1596 517 1630 atria

208 1643 374 1683 Caelestia,
399 1653 473 1675 nam
497 1644 603 1683 latria,

204 1690 339 1722 Domino
365 1699 457 1730 quam
484 1691 662 1731 exhibebat,

204 1738 278 1769 Iesu
303 1737 430 1770 Christo
457 1738 682 1778 complacebat.

144 1805 174 1836 3.
202 1803 255 1834 Ad
279 1802 340 1834 Dei
367 1804 472 1834 vultus
497 1804 628 1843 gloriam

204 1850 300 1882 Suam
325 1852 454 1882 vertens
477 1852 660 1883 memoriam

205 1898 309 1929 Iesum
339 1897 498 1930 Christum
524 1898 662 1938 sitiebat,

205 1944 389 1985 Aliquando
415 1953 507 1985 quem
530 1946 692 1985 pascebat.

830 205 863 237 4.
889 204 1072 237 Laudantes
1097 202 1283 244 benedicite,

890 251 1025 283 Psalmis
1051 250 1183 289 hymnos
1208 251 1334 288 adicite,

888 299 986 330 Festa
1009 296 1159 329 Marthae
1184 297 1378 330 celebrantes

889 344 933 376 Et
956 343 988 375 in
1015 343 1082 375 Deo
1107 343 1288 383 gloriantes

854 436 862 443 .
889 408 1084 442 Caelestibus
1108 409 1140 440 in
1166 409 1297 441 aedibus

888 455 1034 488 Excelsis
1059 455 1149 488 sedet
1171 456 1308 494 sedibus,

890 503 1005 536 Cantat
1028 502 1073 533 ibi
1097 503 1208 534 laudes
1234 503 1301 535 Deo

889 550 1059 589 Hospitata
1081 558 1165 581 nunc
1190 559 1259 581 cum
1284 559 1329 582 eo.

1006 641 1049 669 Ad
1072 642 1255 670 Benedictus.

851 734 858 741 .
886 709 1081 741 Laudabiles
1106 709 1274 750 exsequiae

890 755 1097 787 Celebrantur
1121 765 1179 795 pro
1204 757 1312 796 requie

886 802 1043 844 Marthae,
1055 802 1199 834 Christus
1208 811 1299 841 quam
1309 803 1436 844 amavit,

888 849 1009 887 Corpus
1035 849 1100 880 eius
1123 849 1299 891 tumulavit,

887 895 950 926 Per
976 904 1011 926 se
1035 904 1146 934 gerens
1174 894 1312 928 officium

888 941 1096 973 Commendat
1119 942 1178 973 hoc
1203 942 1341 976 exitium.

956 1091 1001 1123 In
1027 1093 1059 1124 2.
1086 1093 1301 1132 vesperis,

1002 1174 1047 1202 Ad
1065 1175 1243 1211 Magnificat.

847 1267 854 1274 .
885 1242 910 1274 Ο
935 1242 1030 1274 caelis
1053 1242 1156 1282 digna,

933 1288 1124 1320 venerabilis
1156 1288 1283 1327 hospita
1308 1288 1435 1328 Christi5

885 1336 971 1374 Quae
995 1344 1076 1367 nova
1100 1343 1158 1375 per
1182 1335 1272 1374 signa

932 1381 1007 1414 fidei
1032 1391 1107 1413 vera
1133 1382 1215 1414 dona
1240 1382 1367 1421 dedisti,

886 1430 1077 1462 Convertens
1102 1431 1211 1470 gentes

931 1475 1090 1515 baptizari
1114 1476 1265 1518 sitientes,

884 1522 938 1555 Ad
963 1522 1122 1555 Christum
1146 1524 1267 1554 mentes

932 1572 986 1601 tua
1015 1569 1117 1610 dirige
1144 1569 1231 1602 iussa
1254 1573 1418 1610 sequente*

884 1616 1025 1649 Lazarus
1051 1625 1069 1647 e
1094 1617 1205 1656 bustis,

933 1672 981 1706 en,
1007 1667 1040 1695 te
1063 1665 1211 1703 plorante
1235 1665 1376 1702 vocatur,

884 1712 1030 1744 Praemia
1056 1719 1124 1742 cum
1146 1711 1237 1742 iustis

934 1761 968 1789 ut
992 1759 1082 1791 vivus
1106 1760 1333 1799 promereatur,

887 1805 940 1837 Sic
963 1815 983 1837 a
1007 1805 1146 1846 peccatis

932 1852 1024 1884 nobis
1050 1861 1172 1893 quoque
1196 1851 1362 1884 vivificatis

886 1900 1026 1932 Crimine
1051 1899 1237 1932 conductum

932 1949 1038 1979 vertas
1062 1947 1096 1978 in
1121 1947 1236 1987 gandia
1259 1946 1387 1979 luctum.

211 2029 296 2057 Brev.
318 2038 370 2057 ms.
391 2029 596 2067 Augustanum
617 2039 692 2059 saec.
715 2030 759 2059 15.
800 2031 871 2059 Clm.
892 2032 1044 2060 Monacen.
1065 2029 1148 2059 3902.
1168 2031 1203 2057 A.
1223 2044 1228 2048 -
1280 2030 1364 2057 Bruv.
1384 2038 1437 2057 ms.

137 2067 361 2095 Constantiense
375 2066 409 2102 (?)
423 2076 498 2096 saec.
521 2067 564 2096 14⁴
600 2069 669 2097 Ccd.
684 2068 850 2106 Sangallen.
864 2068 928 2096 472.
949 2070 983 2096 B.
999 2070 1132 2097 —Brev-
1146 2077 1190 2095 ms
1218 2067 1438 2095 Constantiense

135 2112 211 2133 saec.
245 2103 288 2133 15.
335 2105 405 2134 Cod.
432 2107 592 2135 Eremiten.
619 2107 665 2135 80.
693 2107 724 2134 C.
751 2122 788 2127 —
812 2108 896 2134 BreV.
928 2115 981 2135 ms.
1011 2107 1234 2134 Constantiense
1260 2106 1329 2132 anni
1357 2103 1437 2132 1470.

133 2142 202 2170 Cod.
228 2143 390 2171 Eremiten.
410 2143 456 2172 82.
482 2145 519 2172 D.
544 2158 582 2163 ——
606 2146 648 2173 In
674 2142 700 2171 1.
719 2145 824 2181 Vesp.
852 2143 874 2170 Α
901 2143 928 2178 3,
956 2142 974 2172 3
1002 2144 1138 2179 signavit
1162 2142 1321 2171 virtutibus
1341 2143 1382 2174 A,
1410 2145 1440 2171 et

128 2181 289 2209 virtutibus
303 2182 336 2208 B.
358 2195 392 2200 -
412 2182 454 2209 In
474 2180 500 2208 2.
521 2183 625 2211 Noct.
646 2182 665 2209 Α
686 2180 712 2215 3,
734 2182 748 2210 1
769 2182 904 2210 Marthae
924 2191 990 2219 pars
1011 2190 1071 2209 non
1091 2181 1151 2209 AB.
1171 2195 1210 2199 —
1233 2178 1253 2206 R
1276 2178 1300 2214 1,
1316 2177 1334 2208 3
1354 2180 1437 2214 Quod

127 2218 281 2246 defunctus
312 2222 358 2247 est
386 2219 474 2248 frater
503 2229 584 2249 meus
615 2222 650 2249 A,
678 2235 717 2239 -—
747 2218 767 2247 R
797 2219 829 2254 1,
853 2218 873 2247 4
904 2221 927 2246 0
953 2221 979 2247 si
1008 2220 1113 2247 fuisses
1143 2218 1191 2246 hic
1216 2218 1305 2246 frater
1338 2218 1373 2244 A.
1400 2234 1436 2238 —

131 2254 150 2281 Β
175 2254 202 2289 2,
222 2255 242 2284 4
262 2265 319 2293 que
338 2257 411 2285 fehlt
429 2258 463 2285 A.
489 2273 528 2278 ——
552 2259 595 2287 In
615 2257 640 2287 3.
663 2259 762 2287 Noct.
785 2256 806 2284 R
830 2257 853 2289 1,
876 2257 896 2286 4
915 2259 956 2286 Et
974 2259 1031 2285 tibi
1049 2257 1083 2284 A.
1103 2271 1142 2276 —-
1163 2254 1183 2282 R
1206 2255 1230 2291 2,
1252 2253 1270 2283 3
1290 2256 1388 2292 Signis
1401 2259 1440 2285 ‘et

127 2296 264 2330 portatur
283 2295 317 2328 A,
340 2298 369 2323 et
387 2297 515 2331 potentis
536 2298 569 2325 B.
591 2314 627 2318 —
647 2297 687 2325 In
706 2297 815 2325 Laud.
837 2294 859 2323 Α
880 2295 906 2329 5,
930 2296 944 2324 1
967 2296 1150 2324 Caelestibus
1172 2296 1204 2322 in
1224 2294 1325 2322 diebus
1345 2294 1379 2321 A.
1400 2307 1438 2314 ——e

126 2332 171 2359 In
190 2330 218 2358 2.
238 2333 342 2368 Vesp.
372 2333 416 2361 Ad
436 2335 536 2370 Magn.
556 2333 593 2369 Α,
614 2334 634 2363 4
658 2335 735 2363 dona
761 2334 834 2363 fehlt
852 2335 890 2362 A.
919 2350 957 2355 --
983 2334 1134 2371 Hymnus:
1161 2333 1289 2370 Magnae
1307 2333 1441 2363 laetitiae

124 2370 223 2406 fulget
241 2371 293 2402 lux
312 2371 400 2399 hodie
418 2372 513 2408 (Ana-1.
527 2373 578 2408 IV,
599 2371 675 2410 205).
