1655 2534
668 64 925 99 *201—

278 157 323 189 In
350 159 381 192 2.
408 158 638 191 Nocturno.

358 241 554 276 Antiphonae.

183 333 189 340 .
218 307 342 339 Diffusa
367 311 416 339 est
438 308 472 339 in
496 308 589 341 labiis

216 354 319 386 Huius
344 356 448 387 almae
473 355 603 396 virginis

260 401 397 440 Spiritus
424 402 527 433 sancti
552 403 664 445 gratia,

219 447 318 486 Quam
344 457 363 479 a
389 448 532 480 domibus
562 450 708 482 eburneis

219 495 423 527 Praeclarum
447 504 562 528 nomen
586 498 736 537 martyris

266 542 384 573 Evexit
407 543 440 574 in
466 543 625 575 caelestia.

184 631 191 639 .
217 608 353 639 Adiuvit
375 608 528 640 Theclam
552 609 704 641 Dominus

213 654 312 686 Mane
342 655 490 697 diluculo,

217 701 316 739 Quam
341 701 588 741 triumphantem
614 701 727 735 fortius

217 748 408 780 Transmisit
433 757 471 779 ex
495 748 558 780 hoe
582 749 717 783 saeculo.

179 836 186 844 .
220 812 350 851 Sprevit
372 813 473 844 minas
499 815 530 844 et
557 814 681 845 dolores

263 860 361 898 Virgo
386 859 506 891 Thecla
527 860 678 901 iudicum,

217 906 307 944 Quod
332 905 478 938 videntes
504 907 662 946 admirati,

219 952 405 985 Conturbati
431 955 463 983 et
488 953 632 985 commoti

262 999 343 1031 Sunt
366 999 401 1032 in
426 999 541 1039 spiritu
565 1000 716 1033 cordium.

350 1083 557 1118 Responsoria.

178 1174 185 1181 .
212 1152 301 1183 Inter
325 1148 467 1181 flammas
490 1150 631 1182 iudicata

262 1197 472 1229 Collaudabat
501 1196 671 1229 Dominum

214 1244 334 1277 Sancta
359 1245 447 1283 virgo
473 1245 638 1275 immutata

258 1292 434 1322 Aeternum
479 1294 627 1330 spectans
671 1299 764 1330 prae-

537 1338 644 1376 mium,

176 1411 182 1418 .
214 1386 285 1418 lbat
311 1384 400 1425 virgo
425 1385 510 1416 laeta
536 1384 641 1416 fronte

258 1431 375 1463 Mortis
400 1432 435 1462 in
461 1432 620 1473 exsilium,

209 1479 280 1511 Non
299 1487 468 1518 expavens,
487 1479 544 1511 sed
563 1480 763 1511 contemnens

259 1525 378 1558 Iudicis
403 1525 604 1566 supplicium.

174 1618 182 1625 .
209 1594 330 1626 Orante
354 1592 454 1625 Paulo
477 1591 562 1623 inter
585 1590 727 1623 flammas

252 1639 308 1671 Fit
335 1639 449 1670 illaesa
470 1638 607 1670 Domino

205 1687 337 1719 Laudes
363 1695 458 1726 agens
485 1688 517 1716 et
544 1686 705 1718 exsultans

253 1733 352 1765 Dulci
379 1741 494 1764 canens
522 1733 654 1774 cantico,

165 1807 172 1814 .
205 1782 291 1821 Ignis
321 1781 416 1820 cedit,
441 1779 536 1812 turba
559 1779 649 1819 fugit,

208 1829 300 1868 Virgo
331 1830 438 1859 manet
461 1829 492 1858 et
516 1825 660 1867 profudit

251 1876 372 1907 Preces
400 1883 506 1906 eoram
531 1874 677 1907 Domino.

168 1970 175 1977 .
204 1943 432 1976 circumtonsa
458 1945 551 1980 caput
578 1942 731 1980 optimum

202 1990 352 2030 Sequitur
382 1989 425 2020 mi
433 1989 534 2020 nistra
559 1989 691 2021 Paulum

201 2038 273 2070 Non
301 2036 474 2076 pavefacta
501 2037 589 2076 virgo

203 2085 336 2117 Virilem
365 2092 490 2116 sumere
514 2086 629 2126 togam,

130 2134 169 2165 V.
206 2132 349 2166 Certanti
373 2140 408 2163 se
434 2133 544 2163 contra
567 2139 677 2162 manus

206 2180 320 2212 Iniecit
345 2179 541 2219 triumphata
566 2179 647 2217 viro,

209 2226 394 2267 Virgineum
421 2226 582 2258 custodire
606 2229 729 2266 peetus,

215 2274 338 2307 Obiecit
362 2282 440 2306 ausa

258 2329 329 2352 sese
353 2321 470 2361 pudica
495 2323 642 2362 tyranno.

961 163 1004 194 In
1031 164 1062 196 3.
1089 162 1315 196 NocturnO.

1040 254 1236 289 Antiphonae.

864 347 871 354 .
897 321 1077 353 Adoremus
1102 321 1271 353 Dominum

943 367 980 399 In
1005 371 1113 400 saneto
1139 368 1204 400 cius
1225 369 1316 408 atrio,

989 415 1028 446 In
1049 415 1167 447 honore
1193 419 1225 447 et
1248 415 1348 455 gloria

897 461 955 500 Qui
980 463 1111 501 tropaea
1134 461 1290 502 virginum

942 507 1116 540 Exsultans
1139 508 1172 539 in
1198 509 1350 548 martyrio

992 555 1118 587 Iudicat
1140 555 1174 586 in
1199 556 1334 588 saecula.

862 645 868 651 .
894 620 980 652 Deus
1006 624 1113 653 noster
1138 620 1191 660 qui
1218 624 1382 653 conservat

942 666 1091 699 Sanctum
1117 676 1231 706 corpus
1256 668 1383 708 humile,

894 714 932 745 In
952 714 1057 745 hostes
1074 714 1212 746 Theclae
1229 715 1283 755 qui
1301 715 1444 748 decertat

942 760 996 791 Ad
1020 761 1214 800 triumphum
1238 761 1345 793 nobile

893 806 1043 838 Exsultet
1058 810 1154 850 terra,
1176 811 1276 847 canat,
1294 809 1443 849 plaudat,

941 853 984 884 Et
1009 853 1167 885 laetentur
1193 855 1326 886 insulae.

860 944 866 951 .
893 918 1019 949 Almam
1043 918 1193 950 Theclam
1218 920 1330 951 dextra
1354 921 1416 952 Dei

938 964 983 995 Et
1007 969 1150 997 sanctum
1175 966 1241 997 eius
1268 966 1429 998 brachium

892 1011 1018 1043 Salvam
1043 1010 1130 1053 fecit,
1157 1013 1211 1050 qui
1238 1013 1327 1043 dedit
1352 1014 1381 1044 ei

941 1057 1075 1090 Suorum
1099 1059 1237 1097 palmam
1263 1059 1409 1092 hostium.

1032 1152 1238 1184 Responsoria.

861 1243 868 1251 .
893 1218 917 1250 O
944 1217 1140 1249 admirabilis
1165 1219 1308 1256 potentia

941 1264 1060 1296 Summi
1084 1264 1168 1304 regis
1193 1266 1323 1305 gloriae,

893 1312 950 1350 Qui
976 1311 1009 1341 in
1034 1320 1127 1343 sexus
1150 1311 1337 1351 impotentia

939 1358 1146 1397 Triumphum
1175 1359 1229 1390 dat
1254 1359 1420 1399 victoriae,

892 1405 991 1437 Fides
1017 1405 1096 1436 lucis
1120 1405 1258 1437 Theclae
1285 1405 1389 1437 dulcis

939 1451 1047 1484 Vincit
1074 1460 1200 1483 saevam
1225 1452 1345 1484 rabiem

891 1499 1038 1531 Leaenae
1059 1499 1168 1538 trucis,
1195 1500 1317 1539 signum
1336 1508 1370 1531 cr
1379 1499 1446 1531 ucis

940 1545 1048 1578 Donat
1073 1546 1102 1576 ei
1120 1547 1273 1586 requiem,

854 1620 860 1626 .
889 1594 944 1626 Fit
969 1593 1098 1626 immota
1125 1593 1212 1634 virgo
1237 1596 1314 1632 tota,

937 1642 967 1672 A
990 1641 1091 1672 'tauris
1117 1640 1197 1671 haec
1220 1641 1409 1673 immanibus

891 1687 964 1719 Non
990 1687 1116 1726 offensa,
1143 1688 1200 1720 sed
1226 1686 1357 1720 defensa

938 1734 1014 1766 Fuit
1038 1744 1057 1766 a
1081 1733 1234 1766 faucibus.

857 1830 863 1837 .
890 1802 1131 1835 Consummatur
1156 1810 1206 1832 res
1233 1801 1378 1833 miranda

938 1848 1022 1880 Sexu
1049 1848 1083 1880 in
1107 1848 1168 1879 hoc
1193 1847 1310 1888 fragili,

890 1896 952 1928 Dei
977 1895 1087 1935 virtus,
1113 1896 1196 1935 quod
1219 1895 1380 1927 horrenda

936 1943 1085 1975 Monstra
1107 1943 1229 1981 sprevit
1253 1943 1379 1984 saeculi,

892 1990 950 2029 Qui
978 1990 1103 2030 decepit
1123 1993 1257 2020 matrem
1281 1989 1426 2028 primam,

940 2038 1061 2077 Anguis
1084 2037 1187 2068 victus
1210 2036 1334 2076 virgine

890 2085 1035 2124 Languet
1056 2084 1154 2123 intus,
1180 2085 1290 2122 petens
1315 2083 1412 2116 imam

939 2130 1053 2163 Sedem
1077 2130 1110 2162 in
1136 2130 1294 2171 voragine.

854 2206 859 2213 .
892 2179 1065 2211 Doloratur
1093 2180 1125 2208 et
1147 2177 1307 2209 tremescit

939 2225 1049 2257 Victus
1074 2224 1174 2256 hostis
1198 2225 1371 2266 hominum,

889 2273 1107 2310 Lamentatur‚
1133 2272 1311 2313 ingemiscit

936 2320 997 2354 His
1022 2319 1190 2359 triumphis
1215 2320 1382 2360 virginum.
