1655 2534
593 87 851 123 -143—

83 181 116 213 4.
141 181 205 213 Hic
229 182 346 214 mundo
370 180 433 214 fuit
455 185 596 216 mortuus

139 228 273 269 Suisque
296 229 520 269 voluntatibus,

143 275 271 308 Cunctis
296 275 420 316 fulgens
445 277 615 310 virtutibus

142 321 248 355 Gessit
272 323 353 355 mira
378 323 538 359 divinitus.

83 379 114 411 5.
140 379 274 411 Athleta
299 379 418 413 Christi
443 379 593 413 Placidus

140 425 332 467 Martyrium
357 427 526 459 adducitur

141 473 247 513 Atque
272 483 342 506 cum
367 474 432 505 suis
457 473 611 506 fratribus

139 519 231 552 Forti
257 524 368 553 catena
391 520 567 561 stringitur.

83 577 115 609 6.
141 576 372 616 Exspoliantur
396 577 523 617 milites,

143 623 325 655 Caeduntur
348 624 452 656 saevis
476 623 623 666 fustibus,

140 670 297 711 Exemplo
322 680 453 710 quorum
479 672 603 703 desides

139 717 367 750 Accendantur
391 718 567 751 ardoribus.

276 801 481 835 Responsoria.

82 855 113 887 1.
139 856 189 888 Ex
213 856 316 889 nobili
339 858 491 898 prosapia

140 903 308 943 Septennis
334 907 403 936 erat
426 905 585 948 PlaciduS,

140 950 271 989 Quando
296 950 404 983 divina
427 952 529 992 gratia

138 997 192 1029 Ad
218 996 441 1030 debellandum
466 999 545 1031 vitia

137 1044 199 1076 Est
221 1044 395 1077 Benedicto
421 1046 576 1085 traditus3

69 1091 106 1124 V.
138 1091 221 1123 Vere
245 1093 280 1123 tu
304 1100 359 1124 vas
384 1092 569 1134 virgineum,

140 1137 264 1169 Sanctis
287 1139 413 1178 plenum
439 1139 624 1180 liquoribus,

140 1184 189 1216 Tu
213 1188 324 1225 pectus
348 1185 446 1217 habes
470 1186 605 1226 igneum,

138 1231 270 1263 Plenum
294 1233 394 1264 sacris
420 1233 598 1266 ardoribus.

81 1289 113 1321 2.
138 1288 190 1320 De
212 1288 285 1320 luce
308 1289 462 1328 splendor
484 1290 602 1331 micuit,

137 1335 188 1367 De
212 1336 329 1367 mundo
354 1336 443 1375 virga
466 1334 583 1376 floruit,

135 1382 232 1414 Cuius
258 1383 298 1415 de
321 1383 417 1414 ramis
441 1383 563 1423 prodiit

134 1429 266 1461 Athleta
292 1429 408 1461 Christi
435 1430 591 1469 Placidus

136 1476 229 1508 Omni
253 1477 371 1509 virtute
395 1475 552 1517 fulgidus;

66 1522 103 1556 V.
130 1522 214 1554 Dum
236 1525 321 1555 totus
345 1524 462 1556 mundo
489 1523 605 1565 deficit,

134 1570 273 1602 Mentem
298 1571 332 1602 in
355 1571 425 1603 Deo
452 1571 585 1603 collocat

138 1617 331 1658 Semperque
356 1618 444 1649 cruci
469 1618 596 1658 configit

136 1664 245 1705 Omne,
271 1666 355 1704 quod
381 1673 454 1697 caro
480 1665 631 1698 clamitat.

77 1721 109 1753 3.
136 1720 276 1754 Siciliam
301 1721 481 1762 ingrediens

136 1768 183 1801 Ut
206 1767 299 1800 radix
324 1767 409 1801 bona
432 1768 577 1808 pullulat,

135 1814 183 1847 Ut
205 1817 298 1855 pater
321 1815 437 1847 multos
462 1818 600 1856 generat,

137 1862 220 1901 Quos
247 1862 372 1895 Christo
397 1871 520 1894 sursum
546 1862 685 1903 dirigens

135 1910 302 1942 Talentum
329 1909 447 1943 Christi
473 1910 635 1951 duplicat,

64 1956 101 1990 V.
130 1958 251 1998 Agrum
277 1966 386 1989 serens
413 1957 612 1999 dominicum,

134 2004 224 2037 Sicut
247 2014 266 2037 3
290 2009 384 2045 patre
409 2004 532 2046 didicit,

135 2051 207 2084 81113
234 2052 290 2085 dat
311 2061 424 2092 panem
450 2053 612 2094 (melicum,

135 2099 202 2138 Quo
226 2100 353 2132 turbam
379 2102 521 2132 sanctam
546 2100 660 2133 reficit.

73 2158 107 2189 4.
132 2156 217 2189 Dum
242 2156 336 2189 huius
361 2156 447 2189 fama
473 2157 593 2198 volitat,

133 2203 237 2236 Nimis
263 2204 343 2236 odor
366 2213 402 2236 se
425 2205 569 2245 ampliat,

130 2251 184 2284 Ad
200 2251 359 2285 Christum
384 2250 501 2284 fratres
520 2254 684 2292 convocat,

131 2298 214 2338 Quos
241 2299 346 2333 verbis
371 2299 472 2331 sacris
495 2300 663 2332 consolans

130 2345 287 2379 Hortatur
311 2347 353 2380 ad
378 2347 568 2390 certamina,

747 184 785 218 V.
815 183 879 216 Hic
903 183 1028 217 sobrius
1054 185 1085 215 et
1108 182 1246 224 humilis,

819 231 940 274 Castus,
966 231 1117 270 prudens,
1143 230 1322 274 immobilis,

818 277 930 310 Multis
956 278 1103 319 splendet
1126 277 1299 321 miraculis,

818 325 911 365 Pons,
937 325 998 368 via,
1026 325 1112 357 salus
1136 324 1271 365 populis

886 427 931 459 In
957 429 989 461 2.
1014 427 1242 462 NocturnO.

955 501 1148 537 Antiphonae.

784 586 790 593 .
817 559 956 591 Fantur:
983 558 1113 599 Negate,
1139 558 1264 599 perfidi,

816 607 932 647 Iesum,
959 614 1049 645 quem
1074 607 1170 638 stulte
1195 605 1307 645 colitis,

815 652 933 684 Nostro
957 652 1056 684 libate
1079 653 1204 692 conciti,

816 700 913 738 Quem
936 708 1104 740 perperam
1132 699 1304 740 despicitis.

783 783 790 790 .
815 754 904 787 Unus
930 758 978 787 est
1000 756 1091 788 nobis
1117 756 1237 788 animus

816 802 967 841 Unusque
990 803 1068 834 ordo
1095 803 1230 842 vivendi,

815 848 885 880 Una
910 847 1000 888 fides,
1024 858 1082 889 pro
1108 858 1178 889 qua,
1203 849 1303 891 Deus,

817 894 1031 934 Voluntasque
1054 896 1220 928 moriendi.

782 976 789 984 .
816 950 925 983 Sancti
947 952 1067 991 gratias
1092 951 1229 991 agebant

814 997 854 1030 In
878 998 1043 1030 tormentis
1067 999 1309 1041 congaudentes,

814 1046 926 1084 Aequo
949 1045 1054 1076 animo
1078 1044 1260 1084 psallebant

816 1091 966 1123 infideles
993 1091 1185 1124 deridentes.

781 1172 787 1178 .
815 1147 928 1179 Pectus
953 1147 1071 1180 habent
1093 1148 1263 1187 immobile,

815 1194 881 1233 Quo
906 1193 1026 1227 fractus
1051 1195 1150 1227 hostis
1175 1195 1322 1235 vincitur,

815 1241 882 1273 Soli
905 1240 973 1273 Deo
998 1241 1146 1282 volubile,

816 1288 874 1321 Cui
899 1296 1007 1320 amans
1032 1288 1197 1321 subicitur.

780 1369 788 1377 .
812 1344 949 1377 Istorum
974 1345 1056 1384 ignis
1080 1345 1210 1385 spiritus

812 1391 996 1432 Exstinguit
1018 1392 1122 1431 ignem
1146 1392 1282 1432 penitus,

817 1438 939 1471 Amoris
964 1436 1090 1469 flamma
1112 1439 1245 1471 devorat

813 1485 920 1527 Omne,
948 1486 1031 1524 quod
1056 1486 1191 1517 mundus
1215 1486 1345 1526 irrogat.

780 1569 787 1576 .
811 1541 936 1581 Lingua
959 1542 1122 1580 praecisus
1147 1541 1296 1574 Placidus

814 1588 974 1621 Christum
999 1586 1118 1620 fatetur
1141 1588 1322 1632 Dominum,

811 1636 871 1675 Qui
897 1635 1077 1668 dominatur
1101 1637 1255 1675 omnibus,

812 1682 900 1714 Deus
927 1683 1057 1715 deorum
1082 1683 1228 1717 omnium.

952 1758 1160 1794 Responsoria.

779 1844 785 1850 .
809 1816 855 1849 Hi
877 1815 1070 1848 confitentur
1095 1816 1274 1857 Dominum,

814 1863 874 1902 Qui
897 1865 1037 1904 pergunt
1057 1862 1100 1895 ad
1126 1863 1317 1903 supplicium

811 1910 918 1942 Minas
944 1912 1130 1950 spernentes
1155 1910 1330 1950 hominum,

815 1957 898 1996 Quos
921 1956 1087 1990 confitetur
1110 1958 1265 1990 Dominus

814 2005 947 2045 Angelis
974 2013 1079 2037 coram
1104 2006 1259 2048 omnibus,

773 2077 781 2085 .
815 2052 957 2085 Utuntur
981 2052 1071 2084 verbi
1096 2052 1202 2092 gladio

813 2099 907 2131 Facti
932 2101 1006 2131 sunt
1028 2100 1125 2130 testes
1150 2098 1288 2139 Domini,

814 2147 948 2185 Semper
971 2144 1071 2178 fortes
1095 2147 1129 2178 in
1151 2147 1273 2185 proelio

813 2193 905 2225 Nulli
931 2196 1093 2225 cesserunt
1118 2193 1248 2226 homini.

779 2277 786 2284 .
812 2250 872 2283 Isti
897 2250 1005 2282 amicti
1029 2250 1147 2283 lumine

811 2297 855 2330 Et
880 2296 979 2330 fortes
1003 2298 1037 2330 111
1058 2299 1230 2330 certamine

813 2345 943 2378 Scutum
966 2345 1085 2378 habent
1108 2355 1167 2387 pro
1193 2347 1331 2387 tegmine
