1655 2534
153 216 160 223 .
186 188 248 221 His
269 189 385 222 auditis
408 192 484 222 tunc
508 191 623 231 Maria,

188 236 427 281 Praedictorum
452 240 554 270 mater
578 239 642 278 pia,

186 283 395 317 Laetabunda
416 283 580 317 festinavit

188 330 290 370 Seque
312 333 409 363 totam
433 331 627 371 mancipavit

186 377 225 408 In
249 377 311 409 Dei
334 377 484 421 servitio3

149 450 157 457 .
187 423 273 462 Quae
296 424 337 456 ab
362 433 398 457 eo
423 434 487 457 non
513 425 669 464 discessit,

188 469 252 502 Sed
276 472 311 503 in
336 472 414 512 eius,
440 480 532 512 quem
558 472 681 512 dilexit,

187 517 271 550 Fide
295 521 441 551 constans
467 518 599 551 exstitit.

157 600 165 608 .
192 573 315 613 Sponsa
340 575 458 608 Christi
481 577 566 615 tunc,
591 574 705 615 Maria,

190 620 313 652 Cuncta
335 630 489 661 spernens
512 622 546 654 in
570 622 631 653 hac
653 621 707 653 via

190 666 258 699 Soli
283 667 408 701 Christo
434 668 619 707 adhaesisti,

188 715 252 746 Per
275 723 367 754 quem
391 716 515 748 domum
539 714 682 747 meruisti

190 761 230 792 In
253 762 382 793 aeterna
404 762 526 803 patria3

152 833 160 841 .
189 807 269 838 Esto
294 808 349 848 pia
372 807 583 840 interventrix

190 854 288 895 Apud
314 854 485 894 Christum,
509 862 584 886 suae
608 853 711 894 gentis

190 900 300 933 Solvat
323 904 359 932 ut
379 902 514 941 piacula.

249 1032 296 1064 In
321 1033 353 1065 2.
379 1032 608 1065 Nocturno.

335 1105 485 1141 Antiphon
488 1113 531 1132 ae.

160 1189 168 1197 ‚
195 1162 337 1194 Inventis
361 1166 438 1195 tunc
461 1162 603 1203 reliquiis

194 1209 309 1249 Ingens
335 1209 415 1241 odor
439 1209 586 1250 prosiliit,

195 1255 240 1287 Et
263 1259 369 1288 terrae
392 1259 496 1287 motus
518 1255 673 1287 maximus

193 1302 331 1343 Ingessit
351 1307 467 1334 metum
494 1302 647 1334 omnibus.

160 1382 168 1390 .
195 1357 312 1396 Quarto
338 1358 390 1389 die
414 1358 568 1397 reliquiae

191 1404 344 1437 Perfusae
369 1413 450 1437 novo
474 1404 627 1446 sanguine

192 1450 371 1483 Cernuntur
396 1461 415 1484 a
435 1450 583 1483 fidelibus

191 1498 380 1531 Pontificum
404 1499 438 1530 in
461 1497 616 1532 manibus·

157 1579 166 1588 .
192 1555 246 1587 Ad
271 1555 332 1587 hoc
356 1554 484 1595 quidem
507 1554 692 1587 miraculum

192 1602 347 1634 Occursus
372 1601 409 1634 fit
434 1600 585 1642 fidelium,

192 1649 378 1689 Languores
404 1650 437 1680 et
461 1649 626 1681 daemonia

190 1697 295 1736 Fugat
320 1695 464 1729 Salomae
487 1695 566 1729 filia.

158 1777 165 1784 .
190 1752 348 1792 Rogemus
374 1760 480 1785 omnes
504 1752 674 1785 Dominum

189 1800 434 1839 Creatoremque
458 1800 605 1840 omnium,

192 1846 237 1879 Ut
260 1855 319 1887 per
342 1846 479 1879 Mariam
505 1846 634 1878 caelitus

192 1894 357 1927 charisma
384 1894 480 1926 donet
503 1893 644 1934 spiritus

324 1968 532 2005 Responsoria.

156 2053 164 2060 .
189 2025 288 2059 Soror
311 2026 423 2059 matris
447 2026 521 2058 Iesu
546 2026 674 2071 Christi,

190 2072 324 2106 Caelebs
349 2072 436 2108 facta
458 2076 494 2105 tu
520 2074 638 2117 dixisti,

189 2120 294 2161 Stirps
318 2123 355 2152 ut
376 2123 432 2153 tua
456 2120 644 2153 consederet

191 2167 318 2201 Christo
342 2168 411 2200 Deo
436 2171 469 2199 et
492 2171 616 2200 teneret

190 2215 308 2247 Locum
332 2215 366 2247 in
391 2216 597 2255 caelestibus3

149 2287 157 2296 .
188 2263 278 2303 Quod
301 2263 421 2305 petisti,
447 2273 540 2305 nunc,
567 2263 682 2305 Maria,

187 2310 258 2345 Tua
280 2313 368 2343 tenet
391 2311 499 2351 proles
523 2312 587 2355 pia,

184 2358 342 2393 Iohannes
370 2361 401 2390 et
425 2358 570 2393 Iacobus.

807 192 838 225 2.

800 854 839 886 V.

864 190 937 224 Una
962 199 1036 231 ergo
1062 190 1265 223 sabbatorum

865 238 929 269 Vas
954 238 1106 278 unguenti
1130 240 1359 277 unguentorum

866 286 904 318 111
929 285 1109 324 sepulcrum
1134 285 1304 325 contulisti,

866 333 904 364 In
929 340 989 370 quo
1015 339 1090 363 vere
1113 336 1147 363 tu
1172 332 1281 363 vidisti

866 378 1136 417 Resplendentem
1160 379 1324 418 angelum3

866 426 912 457 Te
936 427 1105 464 paventem
1129 424 1178 456 vir
1201 426 1363 457 hortatur:

868 471 976 504 Timor
1000 471 1092 513 absit,
1118 473 1149 503 et
1171 470 1316 503 adfatur:

869 519 937 551 Iam
961 518 1100 550 surrexit
1122 517 1285 550 Dominus.

839 646 846 654 .
870 623 930 661 Tu,
954 621 1071 661 Maria,
1096 621 1265 660 respexisti

870 669 986 709 Regem
1013 667 1181 708 Christum,
1206 671 1242 699 ut
1266 668 1384 709 vidisti,

872 715 941 748 Cito
966 715 1064 754 pedes
1088 715 1228 755 tenuisti,

871 762 951 793 Tota
974 770 1075 801 prona
1099 764 1203 793 mente
1225 762 1310 794 bona

870 808 1026 840 Nuntians
1052 808 1112 839 hoc
1135 806 1305 848 fratribus3

870 855 936 893 Quo
960 854 1070 887 audito
1095 854 1296 887 sublevantes

868 899 994 941 Manus,
1018 909 1129 940 preces
1155 901 1281 933 Christo
1311 902 1421 933 dantes

871 947 1019 979 Gaudent
1043 955 1112 978 cum
1139 947 1312 988 discipulis

933 1107 980 1138 In
1006 1108 1037 1140 3.
1062 1106 1293 1139 Nocturno.

1014 1216 1059 1244 Ad
1079 1217 1207 1244 Cantica.

871 1303 1012 1344 Beatam,
1038 1302 1175 1342 inquam,
1202 1305 1327 1334 resonet

871 1349 990 1381 Noster
1015 1349 1128 1380 chorus
1154 1351 1186 1380 et
1208 1349 1341 1389 intonet,

872 1396 970 1434 Quam
997 1395 1140 1428 Christus
1165 1396 1224 1427 hoc
1247 1396 1400 1427 miraculo

870 1442 1054 1475 Declaravit
1076 1442 1110 1474 in
1134 1443 1270 1476 saeculo.

1008 1554 1215 1589 Responsoria.

837 1663 844 1670 .
873 1639 994 1678 Gaude,
1019 1639 1083 1679 pia,
1110 1648 1190 1681 quae
1214 1640 1351 1672 tenendo

870 1687 972 1719 Pedes
998 1686 1117 1720 Christi
1142 1687 1335 1727 resurgendo

870 1734 1018 1766 Meruisti
1043 1733 1090 1765 sic
1113 1736 1231 1776 tenere,

871 1781 917 1814 Ut
941 1781 1060 1813 vidisse
1086 1781 1244 1813 Christum
1269 1790 1344 1813 vere

871 1828 1044 1860 Nuntiares
1068 1826 1233 1869 iratribus,

871 1876 925 1908 Ad
949 1884 1025 1915 quos
1050 1878 1160 1908 sancta
1183 1878 1218 1907 tu
1245 1875 1355 1908 dixisti

869 1924 986 1956 Vivere
1009 1931 1068 1963 per
1092 1923 1229 1956 saecula.

874 2027 995 2070 Gaude,
1022 2026 1121 2068 salve,
1146 2028 1182 2057 tu
1206 2025 1313 2058 Maria

872 2074 1008 2115 Salome,
1037 2081 1108 2104 cnm
1131 2073 1223 2113 prole
1245 2072 1311 2114 pia,

872 2122 939 2154 Nos
964 2122 999 2153 in
1023 2128 1120 2160 regno
1144 2119 1214 2160 tibi,
1241 2122 1343 2153 sortes

871 2168 1036 2209 Recepisti
1060 2169 1104 2210 tu,
1132 2172 1294 2200 consortes

870 2216 938 2248 Fac
962 2224 1021 2256 per
1044 2214 1106 2246 Dei
1129 2214 1246 2255 filium3

870 2264 960 2296 Haec
984 2270 1153 2303 precamur
1177 2264 1218 2306 te,
1241 2263 1387 2304 benigna,

871 2312 964 2351 Roga
985 2310 1089 2343 Deum
1111 2318 1209 2350 prece
1234 2311 1339 2352 digna,

872 2358 973 2392 Nobis
1000 2359 1055 2391 det
1077 2360 1113 2389 ut
1137 2358 1270 2392 veniam.
