1655 2534
750 151 1007 187 —278—

420 249 465 276 Ad
483 249 665 277 Benedictus.
1040 246 1087 279 In
1113 246 1143 281 22
1171 246 1385 286 vesperis,
1418 246 1421 249 '

230 307 269 340 A.
300 307 485 339 Virtutibus
511 308 667 339 decorata

301 350 499 397 [Hedwigis]
526 353 656 385 Christo
684 352 829 392 servivit,
1093 330 1138 357 Ad
1157 329 1336 367 Magnificat.

302 400 447 433 Caritate
471 400 669 432 inflammata
904 399 944 432 A.
978 397 1143 429 Ancillam
1168 407 1260 429 suam
1284 397 1451 437 humilem,

300 448 407 479 Iesum
432 456 585 487 sponsum
611 446 808 486 concupivit,
1017 444 1089 476 Rex
1117 444 1267 477 Christus
1294 444 1464 482 exaltavit,

300 495 331 525 A
357 502 419 534 quo
446 495 550 533 gloria
575 496 732 524 coronata
974 491 1060 523 Dum
1083 494 1160 530 post
1183 492 1284 523 vitam
1308 489 1453 523 flebilem

302 540 392 572 Caeli
418 541 571 579 gaudium
594 540 751 579 introivit,
1021 538 1059 569 In
1085 539 1175 569 caelo
1201 538 1286 569 hane
1310 538 1443 578 locavit,

301 587 392 618 Haec
424 595 483 618 nos
507 588 597 618 iuvet
619 593 717 626 prece
743 588 846 625 grata,
976 585 1064 623 Quae
1088 585 1183 616 nobis
1208 584 1406 624 placabilem

300 634 387 672 Quae
402 642 471 665 cum
482 633 611 665 Christo
621 640 709 672 semp
714 641 749 664 er
756 632 846 663 vivit.
1024 630 1130 663 Deum
1139 631 1268 669 reddat,
1285 640 1380 671 quem
1390 631 1521 662 amavit.

305 707 387 733 Brev.
407 714 459 732 ms.
474 707 709 741 Pedepontanum
729 707 798 732 anni
814 702 895 732 1398.
926 705 994 732 Cod.
1011 704 1138 731 Meliten.
1152 706 1272 740 Pragen.
1297 702 1323 731 8.
1337 706 1372 732 A.
1386 719 1424 723 -—
1438 704 1522 731 Brev.

231 752 282 771 ms.
302 744 510 771 W'aradinense
530 744 599 770 anni
620 740 701 770 1460.
735 743 805 769 Cod.
824 742 957 770 Vatican.
977 740 1061 769 8247.
1086 742 1117 769 B.
1139 759 1176 762 —
1191 744 1273 770 Brev.
1294 750 1346 768 ms.
1368 743 1398 768 S.
1419 742 1524 769 Annae

230 780 351 816 Pragen.
380 788 453 807 saee-
476 779 518 808 16.
560 780 627 807 Ood.
654 779 776 815 Pragen.
802 780 862 806 XII
887 779 924 807 D.
946 778 971 807 3.
994 779 1024 807 C.
1046 793 1082 797 -—-
1103 780 1187 807 Brev.
1207 780 1263 807 FF.
1285 780 1522 807 Praedicatorum

231 819 300 853 imp.
319 818 449 844 Venetiis
473 817 551 845 1514.
572 818 609 844 D.
630 832 666 836 —-
686 818 712 844 A
731 815 812 853 giebt
831 817 882 843 das
902 816 1037 844 Officium
1058 817 1101 843 als
1122 818 1157 845 de
1177 826 1199 845 s.
1219 818 1316 845 Maria
1335 818 1522 854 Aegyptiaea,

233 854 255 880 O
281 855 323 882 als
348 855 383 882 de
407 858 506 882 sancta
526 855 674 889 Hedwige,
697 856 747 882 BD
769 855 812 881 als
833 855 868 881 (le
888 856 1040 882 communi.
1084 871 1090 874 -
1122 855 1163 882 In
1187 854 1211 881 1.
1231 855 1339 890 Vesp.
1361 854 1454 890 Super
1473 854 1521 881 Ps.

230 892 282 919 hat
300 892 324 919 B
344 892 391 919 die
409 892 543 927 folgende
562 892 595 919 A:

675 939 746 966 Dies
767 939 850 966 adest
867 939 1006 973 laetitiae,

677 977 742 1010 Qua
761 977 855 1003 carnis
874 977 970 1004 soluta
989 977 1112 1004 nexibus

677 1013 713 1041 N.
733 1022 785 1040 rex
803 1014 914 1048 gloriae

677 1050 778 1077 Iunxit.
796 1052 960 1078 sanctorum
981 1052 1120 1084 coetibuS,

676 1087 765 1115 Preee
784 1089 875 1121 cuius,
892 1088 959 1116 Iesu
980 1090 1034 1124 pie,

680 1125 739 1152 Nos
760 1126 847 1160 iunge
867 1126 942 1153 caeli
962 1126 1083 1153 civibus.

233 1170 277 1196 Ad
296 1170 393 1204 Magn.
415 1169 442 1202 Α,
464 1170 480 1196 ’7
504 1178 523 1197 a
541 1170 618 1197 mole
637 1169 668 1197 C.
688 1185 725 1189 —
744 1171 796 1197 Ad
814 1171 944 1198 Matut.
965 1172 1016 1199 das
1036 1172 1242 1200 Invitatorium
1261 1172 1356 1200 lautet
1373 1174 1405 1200 in
1426 1173 1463 1200 C:

510 1216 674 1243 Laudemus
693 1218 725 1243 in
744 1217 861 1244 saecula
879 1226 975 1253 regem
995 1218 1184 1253 saeculorum,

514 1254 571 1287 Qui
589 1254 703 1281 beatam
723 1254 900 1289 Hedwigem,
920 1257 1041 1282 matrem
1061 1255 1254 1291 orphanorum

513 1290 692 1325 Coaequavit
711 1292 822 1319 meritis
842 1295 1014 1320 sanctorum.

232 1336 275 1363 111
299 1334 324 1363 3.
348 1336 447 1363 Noot.
475 1335 494 1363 R
524 1336 546 1371 1,
568 1335 585 1363 2
612 1337 698 1365 Hanc
720 1340 906 1374 margaritam
931 1340 963 1366 C.
988 1354 1024 1358 —
1054 1337 1075 1365 R
1104 1337 1129 1373 2,
1154 1339 1168 1367 1
1194 1340 1218 1368 O
1249 1342 1416 1369 veneranda
1436 1342 1467 1370 C.
1486 1357 1526 1361 —

234 1373 383 1408 Hymnen:
411 1374 446 1400 In
468 1373 481 1401 1
502 1375 606 1410 Vespa
632 1374 799 1403 Gratuletur
818 1376 940 1404 ecelesia
954 1375 1048 1411 (Anal.
1064 1377 1173 1410 XXIII,
1193 1378 1243 1405 Nr.
1260 1376 1339 1413 143);
1361 1381 1392 1406 in
1413 1380 1524 1407 Laud.:

235 1410 317 1437 Haec
336 1412 439 1437 summi
459 1413 533 1446 regis
553 1411 662 1438 famula
682 1412 766 1446 (Ibid.
787 1413 837 1440 ΝΥ.
862 1411 932 1449 144).
