1655 2534
716 134 970 170 —160-—

207 228 245 262 V.
274 229 408 262 Dicens:
435 229 487 262 Sie
510 230 597 262 vives

322 279 448 308 aeterno
473 285 599 308 munere
622 276 720 309 dives.

220 333 250 366 2.
276 332 449 372 Instigante
471 332 598 364 fallacia

271 378 439 411 Daemonis
463 382 495 410 et
517 379 656 411 versutia

265 424 448 463 *Germanus
472 435 541 457 eum
565 426 680 457 astutia

323 472 492 510 Quiteriam
514 472 653 511 copulari

276 517 344 550 Sibi
367 518 468 558 petiit,
494 521 640 558 parentes

278 563 426 603 Coniugio
450 563 592 597 faventes

277 609 330 642 Sie
352 611 473 650 regales
498 613 530 642 et
554 611 693 642 dieentes

323 656 456 696 Nuptias
481 656 642 697 celebrari,

241 726 247 733 .
278 702 349 734 Non
373 705 477 734 tamen
501 712 615 742 sponsa
640 703 758 736 Christi

321 749 425 780 iuveni
448 750 645 790 coniungitur
668 749 731 783 isti.

241 829 250 837 .
276 804 472 836 Adveniente
496 806 606 844 angelo

273 849 325 881 Ad
352 859 419 881 eam
444 859 512 882 eum
534 851 716 883 munusculo

274 897 380 928 Aureo
406 897 523 929 Christi
546 899 661 930 annulo

321 943 531 975 Subarrhatur
556 944 704 983 Quiteria,

275 989 524 1030 Promittensque
546 991 700 1026 illibatam

274 1034 315 1066 Se
338 1044 464 1069 servare
488 1037 611 1068 Christo
635 1040 758 1078 gratam

320 1083 358 1114 In
380 1083 489 1114 mundi
511 1083 710 1123 peripheria3

232 1151 238 1158 .
270 1127 344 1159 Noli
368 1128 478 1160 timere

318 1176 436 1213 poteris
460 1184 582 1215 quoque
602 1177 682 1207 mira
697 1177 816 1216 videre,

273 1220 358 1258 Quae
380 1221 458 1252 fiunt
482 1230 540 1261 per
562 1225 605 1261 te,

319 1267 346 1298 si
369 1266 455 1299 Deus
481 1268 628 1308 diligatur
651 1272 771 1308 aperte.

330 1406 375 1438 In
408 1409 438 1439 2.
465 1407 687 1441 Nocturno.

417 1489 610 1525 Antiphonae.

241 1579 247 1585 .
272 1554 297 1586 O
320 1555 450 1587 nimium
474 1556 612 1588 formosa

271 1601 378 1641 Virgo,
402 1601 518 1633 rubens
544 1611 600 1633 eeu
623 1611 704 1641 rosa,

318 1646 382 1678 Exi
402 1648 442 1678 de
464 1648 646 1688 Blaneagia,

268 1693 408 1732 Angelus
431 1697 478 1725 est
502 1703 640 1734 exorsus,

272 1738 352 1770 Nam
377 1748 437 1779 per
459 1743 492 1773 te
516 1742 648 1773 eredunt
671 1750 800 1780 prorsus

319 1785 436 1818 Gentes
459 1788 493 1818 in
517 1787 681 1828 Aufragia.

239 1867 245 1874 .
270 1840 340 1872 Rex
362 1850 437 1873 vero
461 1842 633 1874 Lentianus

271 1887 552 1928 Depraedatorque
575 1898 708 1921 vesanus

317 1934 532 1967 Ecclesiamm
555 1936 696 1969 thesauri

269 1980 300 2012 A
327 1981 477 2014 daemone
501 1983 635 2022 eripitur

270 2028 332 2059 Per
354 2031 397 2068 te,
422 2031 453 2059 et
478 2029 677 2061 distribuitur

318 2074 404 2107 Gaza
429 2080 575 2115 congesta
596 2077 675 2108 auri.

238 2155 245 2162 .
270 2132 403 2163 Armata
425 2135 534 2164 saneto
557 2133 672 2172 spiritu

271 2177 484 2218 Angelieoque
506 2180 626 2211 monitu

318 2224 458 2262 Quiteria
482 2226 583 2269 beata,

271 2270 353 2302 Nam
377 2272 508 2304 bestiam
533 2274 703 2313 tfieipitem

268 2317 488 2359 Prostavitque
511 2320 695 2353 horribilem

315 2364 463 2398 Oratione
488 2367 570 2399 data.

890 230 920 262 4.
945 230 1036 262 Haec
1059 228 1201 267 Qniteria
1222 228 1325 271 beata,

946 276 1022 308 Cum
1048 276 1177 307 cohorte
1200 275 1369 316 vinculata,

995 323 1046 355 Ab
1072 323 1183 364 angelo
1207 322 1367 364 visitatur,

948 369 1007 409 Qui
1033 370 1173 409 captivos
1197 368 1355 401 relaxavit

946 416 992 448 Et
1015 416 1048 448 in
1070 415 1135 448 fide
1160 415 1360 457 confortavit,

993 463 1261 501 Quemadmodum
1303 462 1389 493 Deus
1428 462 1496 492 lau-

1270 509 1372 541 datur.

911 609 919 617 .
943 585 1066 623 Aegros
1088 585 1180 615 sanat
1203 586 1235 614 et
1259 583 1421 614 morbosos

948 631 1046 663 Curat
1070 633 1102 661 et
1126 630 1353 670 daemoniosos,

993 676 1104 708 Surdis
1129 676 1270 708 auditum
1295 676 1417 716 tribuit,

945 723 1037 755 Luna
1060 726 1161 755 tactos
1185 723 1274 763 virgo
1299 723 1423 763 sternit,

946 770 1165 810 Viri-utemque
1188 770 1249 801 Dei
1275 770 1377 801 eernit

992 815 1088 857 Germ,
1114 825 1194 856 quae
1217 816 1287 848 visu
1312 816 1423 849 caruit.

912 916 919 922 .
944 890 1073 922 Intuens
1098 899 1155 921 rex
1179 891 1336 930 magnalia

944 936 1006 968 Dei
1030 937 1184 977 signaque
1206 938 1293 977 talia,

990 982 1192 1015 Convertitur
1215 984 1255 1016 ab
1282 993 1399 1023 errore,

943 1029 1036 1062 Idola
1061 1039 1141 1061 vana
1168 1031 1304 1070 despicit

942 1076 1117 1115 Fidemque
1142 1077 1261 1110 Christi
1284 1079 1418 1117 suscipit

994 1121 1070 1154 Cum
1093 1123 1186 1156 turba
1208 1126 1342 1164 potiore.

1083 1216 1290 1251 Responsoria.

909 1315 916 1322 .
943 1290 1104 1322 Processit
1128 1292 1168 1323 de
1191 1292 1365 1334 Blanoagia

942 1338 1136 1370 Praedicans
1160 1340 1193 1370 in
1217 1339 1384 1381 Aufragia,

942 1384 1097 1424 Angeliea
1121 1388 1287 1426 praesagia

989 1430 1087 1470 Virgo
1111 1431 1197 1464 faeta
1220 1435 1371 1474 patravit,

943 1476 1066 1508 Cultum
1090 1480 1212 1518 sprevit
1230 1479 1397 1521 idolorum,

941 1524 1121 1556 Adstruens
1145 1525 1247 1558 Deum
1273 1528 1402 1559 deorum

945 1569 1014 1602 Goli
1037 1579 1205 1611 regemque
1230 1574 1397 1613 caelorum,

903 1639 910 1646 .
939 1616 1089 1648 Personis
1113 1619 1230 1650 trinum

988 1663 1089 1695 Deum
1112 1673 1181 1697 esse
1203 1667 1369 1705 praedicat
1385 1677 1491 1704 unum.

910 1762 918 1769 ,
943 1737 1022 1777 Regi
1046 1737 1150 1778 iuquit
1172 1740 1251 1772 haee
1274 1741 1410 1780 profano

942 1783 1041 1816 Beata
1064 1784 1252 1819 Lentiniano

940 1830 1003 1862 Pro
1029 1832 1154 1864 Christo
1181 1834 1221 1865 de
1244 1835 1421 1874 Alphiano:

989 1877 1182 1911 Thesaurum
1210 1881 1253 1913 da
1273 1884 1479 1922 pauperibus.

943 1923 1039 1962 Quam
1053 1935 1110 1958 rex
1124 1925 1262 1959 fremens
1272 1932 1303 1959 et
1312 1929 1494 1963 adsi-emens

942 1970 1018 2002 Cum
1043 1973 1157 2010 puellis
1181 1974 1228 2004 sic
1252 1977 1394 2008 terdenis

941 2016 1153 2058 Manibusque
1176 2024 1247 2054 octo
1273 2023 1357 2054 senis

989 2064 1091 2097 Certis
1113 2066 1216 2097 vinxit
1241 2070 1431 2103 carceribus.

903 2135 910 2141 .
940 2108 1112 2142 Laetanter
1135 2116 1246 2145 sancta.

988 2157 1109 2197 patitur
1134 2158 1276 2208 Quiteria
1298 2165 1397 2196 tanta.

908 2256 915 2263 .
940 2231 1163 2272 Archimartyr
1185 2240 1372 2278 purpurata,

988 2277 1062 2310 Dux
1089 2280 1226 2313 cohortis
1252 2282 1402 2326 Quiteria,

941 2325 1073 2366 Regina,
1098 2327 1187 2368 virgo
1212 2328 1345 2375 illibata,

984 2373 1070 2413 Quae
1092 2382 1151 2415 per
1174 2377 1355 2412 nuchiteria
