1655 2534
637 108 871 143 „89—

117 207 147 238 3.
172 205 244 237 Rex
268 214 402 245 nequam
425 206 545 237 monita

218 256 418 284 contemnens
443 253 599 291 praesulis

171 299 248 331 Luit
271 298 427 340 opprobia

222 346 334 378 dolore
357 346 482 385 eapitis,

177 393 240 426 Sed
265 401 357 432 quem
381 392 559 425 obduxerat

224 439 359 471 caecitas
382 439 521 480 luminis,

173 487 316 519 Firmum
336 486 522 519 reddiderat

223 533 256 564 in
281 533 345 565 fide
368 534 523 575 numinis3

104 581 144 612 V,
173 582 230 613 Fit
252 581 363 612 mortis
389 580 526 621 duplicis

230 627 348 667 duplex
373 627 503 667 curatio,

182 674 296 707 Coi-dis
322 677 354 705 et
378 674 519 714 corporis

220 720 420 753 illuminat-io.

243 833 285 864 In
314 834 344 865 2.
372 831 598 864 Nocturno.

319 915 513 950 Antiphonae.

119 974 151 1007 1,
177 973 282 1006 Ductu
306 973 369 1004 viri
391 972 533 1004 iustitiae

222 1020 300 1052 Visu
325 1021 492 1059 privantur
516 1018 599 1050 oculi

178 1067 284 1107 Regis,
311 1066 394 1098 fastu
419 1065 587 1106 superbiae

224 1114 356 1147 Molesti
378 1115 486 1145 sancto
513 1111 662 1152 praesuli.

118 1172 150 1203 2.
179 1169 310 1201 Praesul
334 1170 478 1209 placatus
504 1168 596 1201 venia

224 1215 345 1248 Lumen
371 1216 519 1248 amissum
545 1215 698 1255 reddidit,

174 1263 245 1295 Rex
271 1264 383 1297 ductus
409 1263 604 1302 paenitentia

224 1310 349 1342 Christo
381 1315 507 1342 renatus
534 1308 680 1341 credidit.

116 1369 147 1400 3.
175 1367 301 1399 Crimen
325 1366 436 1397 matris
460 1364 612 1405 panditur

219 1412 270 1445 Ex
294 1412 425 1445 infantis
451 1421 515 1452 ore,

173 1460 256 1492 Dum
283 1459 429 1492 confusus
454 1459 588 1491 solvitur

225 1507 338 1540 Insons
363 1508 557 1546 corruptore.

311 1591 517 1625 Responsoria.

119 1649 148 1682 1.
181 1649 242 1681 I’er
265 1649 418 1681 incestum
444 1647 610 1689 gravidata

174 1696 292 1739 Mater,
320 1696 449 1728 tandem
475 1697 617 1727 coartata

223 1744 338 1776 Partus
363 1745 487 1784 patrem
511 1742 658 1783 prodere,

176 1790 289 1823 Senem
315 1790 420 1830 coepit
443 1797 603 1829 accusare,

175 1838 230 1870 Sic
253 1847 288 1869 sc
313 1838 446 1869 credens
472 1845 623 1868 excusare

223 1885 272 1918 De
297 1886 460 1916 commisso
486 1885 623 1924 scelero;

175 1933 238 1965 Ros
264 1931 433 1973 stupenda,
461 1934 571 1963 contra
595 1940 714 1964 morem

172 1980 294 2013 Pandit
313 1979 421 2012 infans
446 1979 631 2020 genitorem.

103 2029 139 2061 V.
168 2028 219 2060 Ex
243 2026 374 2060 infantis

220 2075 367 2107 lactentis
393 2077 524 2115 pectore

173 2124 242 2155 Vox
267 2122 369 2155 virilis

219 2173 312 2203 sonat
336 2179 405 2202 cum
430 2170 555 2210 robore,

170 2219 301 2250 Patrem
326 2217 436 2257 prodit

217 2267 331 2298 victum
357 2264 508 2297 facinore.

114 2325 145 2356 2.
172 2323 294 2356 Sedens
319 2326 447 2355 sanctus

219 2370 253 2402 in
276 2368 448 2403 refectorio

786 1392 824 1424 V.

852 204 894 236 Et
921 201 1095 235 confratres

901 257 1034 290 pascens
1059 250 1210 281 miraculo

856 298 1066 330 Hortulanum

901 347 995 377 vocat
1018 343 1164 375 continuo

858 392 932 424 Olus
958 390 1035 422 ferri

905 438 1016 470 iubens
1042 446 1081 469 ex
1105 437 1247 475 hortulo;

858 484 998 518 Herbam
1022 483 1147 524 profert

905 540 972 564 cum
998 530 1164 563 seminario

856 580 923 612 Iam
948 582 1024 610 tunc
1046 581 1147 610 satam

906 626 983 658 dans
1007 628 1112 665 grates
1135 624 1281 657 Domino.

857 674 909 706 Ad
934 674 1138 713 praeceptum
1162 671 1291 703 Niniani

857 721 949 752 Mens
974 719 1129 758 stupescit
1152 718 1319 758 hortulani,

859 767 968 799 Sciens
993 768 1097 797 tamen
1122 765 1202 797 nihil
1227 766 1298 797 vani

903 813 987 845 Voto
1012 813 1115 844 sancti
1139 812 1321 853 succedere,

858 860 933 898 Ipso
961 860 1012 891 dic
1037 859 1221 891 seminatum

855 904 986 938 Profert
1016 907 1103 937 terra
1126 905 1261 936 fructum
1288 908 1409 945 gratum

901 952 1035 984 Iubente
1058 950 1215 991 pontifice.

854 1016 972 1048 Ducem
999 1015 1101 1048 furum

905 1067 1013 1096 taurus
1038 1063 1232 1105 aggreditur,

857 1110 961 1143 Cornu
985 1111 1071 1143 bruti

904 1158 1037 1190 brutalis
1060 1158 1208 1196 laeditur,

857 1204 963 1245 Rupto
986 1207 1097 1237 ventre

904 1251 969 1284 vita
1000 1252 1176 1293 discutitur,

857 1298 993 1330 Rursum
1018 1299 1107 1330 vivus

902 1354 940 1377 ac
964 1355 1058 1377 sanus
1082 1345 1243 1387 redditur3

853 1392 1006 1424 Discursu
1033 1392 1123 1424 devio

902 1439 1012 1471 volant
1036 1438 1215 1478 latrunculi,

854 1486 892 1518 In
919 1486 1088 1525 municipio

905 1535 1104 1573 stringuntur
1125 1533 1239 1565 baculi.

927 1676 973 1708 In
999 1678 1029 1709 3.
1056 1675 1273 1707 Nocturno.

1003 1749 1197 1786 Anfiphunae.

823 1835 831 1842 .
859 1807 987 1840 Patrem
1009 1807 1124 1848 linquit
1148 1807 1297 1848 parvulus

908 1855 1058 1887 verberis
1083 1855 1206 1891 timore,

856 1902 955 1941 Quem
979 1903 1108 1935 reduxit
1131 1903 1262 1934 bat-ulus

903 1950 1039 1983 vorticis
1065 1950 1104 1981 ab
1130 1958 1194 1982 ore.

860 2017 992 2058 Lignum
1019 2015 1131 2048 florens
1161 2016 1284 2047 aridum

907 2064 1037 2098 Cunctis
1063 2065 1127 2094 stat
1150 2064 1182 2094 in
1208 2063 1339 2103 signum,

858 2113 945 2145 Fons
972 2119 1140 2149 erumpens
1165 2107 1315 2141 famulum

909 2158 1028 2190 Probat
1051 2157 1120 2188 Deo
1147 2156 1284 2196 dignum.

827 2252 834 2258 .
858 2224 996 2257 Niniano
1022 2223 1146 2263 singula

904 2272 1022 2305 Parent
1047 2271 1211 2310 elementa,

856 2319 952 2359 Ignis,
979 2327 1043 2359 aer,
1067 2317 1167 2358 arida,

908 2367 1027 2399 Pontus
1048 2367 1080 2397 et
1098 2363 1226 2402 fluenta.
