1655 2534
679 121 930 157 —107—

413 209 460 241 39.
480 210 515 241 In
533 211 623 243 Festo
644 213 849 246 Patronorum
870 213 1186 246 Hildesheimensium.

286 280 331 311 In
359 281 389 312 1.
418 279 633 319 Vesperis.

366 353 559 388 Antiphonae.

187 435 194 442 .
220 411 404 443 Electorum
428 412 615 445 memoriam

269 459 479 490 Patronorum
503 468 641 499 agamus,

222 505 346 536 Felices
371 507 407 537 ut
429 506 470 537 ad
495 506 626 546 gloriam

269 552 401 584 Illorum
425 555 630 585 transeamus.

188 633 194 640 .
221 608 412 648 Principalis
438 610 590 641 ecclesiae

269 655 406 687 Nostrae
429 656 517 696 virgo
541 662 687 699 patrona,

224 703 336 742 Maria,
363 705 465 734 mater
489 704 619 744 gratiae,

269 749 418 781 Caritatis
444 758 569 783 corona.

196 830 203 837 .
220 806 358 847 Patroni,
386 805 498 837 Petrus
524 806 671 847 claviger,

267 853 418 892 Princeps
444 853 669 892 apostolorum,

221 899 347 941 Paulus,
365 896 538 932 ‘doctrinae
561 899 702 942 signifer,

265 946 420 987 Magister
444 947 650 986 populorum;

185 1027 192 1034 .
221 1002 350 1035 Cosmas
377 1004 472 1041 atque
495 1003 679 1044 Damianus,

267 1050 452 1081 Valerianus
478 1052 510 1080 et
532 1049 706 1090 Tiburtius,

220 1097 350 1129 Cautius
376 1099 408 1128 et
433 1095 613 1138 Cantianus,

268 1144 376 1176 Sancti
392 1143 497 1175 Iustus
516 1146 548 1174 et
563 1144 766 1185 Arthemius3

185 1225 192 1232 .
218 1200 305 1231 Almi
328 1200 489 1239 praesules
516 1199 734 1238 Godehardus,

217 1246 417 1286 Epiphanius
443 1250 475 1277 et
498 1247 719 1286 Bernwardus,

220 1294 369 1334 Speciosa
395 1302 465 1324 cum
491 1293 628 1325 Caecilia

221 1341 365 1380 Virgines
390 1340 481 1372 nobis
508 1341 582 1372 dent
605 1341 732 1372 auxilia.

177 1414 184 1421 .
217 1387 338 1429 Gaude,
364 1389 462 1427 virgo,

266 1435 385 1468 Christi
408 1437 596 1474 matronatu,

216 1483 283 1514 Tuo
308 1482 503 1522 gratulamur
528 1484 705 1521 patronatu,

216 1531 327 1563 Iuncta
345 1534 618 1568 compatronorum
636 1532 762 1561 caterva

216 1576 352 1618 Gregem
360 1577 465 1616 istum,
473 1576 587 1615 Maria,
600 1584 760 1610 conserva.

174 1650 181 1657 .
213 1625 317 1667 Salva,
336 1632 410 1664 rege
424 1624 549 1656 Christo
562 1622 761 1661 famulantes,

213 1672 284 1703 Hac
299 1673 332 1704 in
350 1673 441 1704 domo
458 1671 520 1703 Dei
536 1671 762 1703 ministrantes.

337 1747 382 1773 Ad
400 1744 578 1780 Mag-nificat.

175 1830 181 1837 .
210 1805 318 1844 Virgo,
343 1808 444 1837 mater
468 1803 552 1843 regis
569 1803 759 1845 angelorum,

212 1851 403 1891 Principalis
420 1859 541 1890 gemma
557 1853 760 1890 patronorum

213 1900 314 1931 Huius
342 1899 451 1930 domus
476 1897 537 1929 Dei
562 1898 735 1937 veneraris,

192 1943 340 1979 &Habere
364 1948 466 1977 tecum
488 1954 550 1976 non
577 1945 759 1984 dedignaris

210 1994 375 2026 Ministros
399 1993 506 2032 plures
533 1993 648 2024 electos
672 1992 749 2032 Dei;

208 2042 337 2074 Adiuva
349 2049 415 2078 nos,
429 2043 531 2071 mater
542 2043 669 2072 sanctae
678 2040 757 2079 spei,

208 2090 307 2129 Iunge
340 2097 397 2120 nos
423 2090 603 2119 sanctorum
625 2087 756 2127 requiei.

272 2183 332 2216 Ad
358 2182 574 2215 Matutinu
585 2192 625 2213 m.

337 2258 552 2286 Invitatorium.

207 2316 317 2347 Laude
339 2319 545 2356 patronorum

252 2363 343 2396 huius
370 2364 480 2396 domus
504 2364 707 2406 gratulemur,

900 284 945 317 Ut
968 293 1024 315 nos
1048 284 1081 315 in
1107 283 1263 314 caelorum

948 332 993 363 eis
1019 338 1114 371 regno
1141 330 1351 363 collaetemur.

962 407 1007 438 In
1033 406 1063 439 1.
1089 404 1316 437 Nocturno.

1039 469 1234 504 Antiphonae.

844 520 874 552 1.
900 519 1014 558 Maria,
1039 517 1135 558 plena
1159 517 1270 560 gratia,

946 566 1048 597 Huius
1073 564 1183 603 templi
1207 567 1350 604 patrona,

899 613 965 644 Nos
988 611 1104 644 Christi
1130 611 1218 643 vultu
1242 611 1333 651 satia,

946 661 1088 699 Impetra
1113 658 1191 689 caeli
1210 658 1302 690 bona.

841 718 870 748 2.
899 716 1011 747 Petrus
1037 724 1107 747 cum
1131 715 1227 746 Paulo
1255 714 1376 746 veniam

943 762 1126 802 Deposcant
1151 762 1338 793 delictorum

894 809 957 840 Hic
981 809 1082 846 nobis,
1107 808 1152 839 ibi
1177 808 1308 848 gloriam

942 856 980 887 In
1005 858 1095 887 coetu
1119 855 1293 888 beatorum.

840 912 870 944 3.
897 910 1057 949 Martyres
1084 910 1201 942 Christi
1227 911 1377 950 celebres,

944 957 1101 999 Virgines,
1129 956 1333 995 confessores,

898 1004 995 1035 Vobis
1019 1003 1193 1043 psallentes
1218 1004 1340 1035 alacres

946 1053 1012 1085 Vos
1037 1050 1177 1083 sentiant
1198 1052 1348 1083 rectores

1033 1126 1238 1160 Responsoria.

837 1184 868 1215 1.
894 1184 1004 1223 Virgo,
1032 1182 1149 1215 Christi
1173 1185 1274 1214 mater
1302 1182 1436 1221 illibata,

896 1231 1033 1262 Patrona
1058 1229 1182 1270 generis
1207 1229 1308 1260 nostri
1333 1231 1431 1268 grata,

894 1278 952 1308 Pia.
976 1276 1123 1308 laudibus
1148 1276 1264 1307 nostris
1289 1275 1428 1313 intende,

894 1324 990 1356 Salva
1013 1333 1080 1362 nos,
1105 1322 1251 1364 iustifica,
1279 1321 1424 1361 defende,

822 1371 861 1403 V.
892 1371 988 1402 Placa
1011 1370 1101 1403 nobis

941 1418 1109 1455 Christum,
1136 1421 1222 1447 tuum
1248 1419 1366 1457 natum,

893 1464 1043 1496 Nostrum
1067 1466 1103 1495 ut
1122 1464 1286 1504 indulgeat
1307 1466 1438 1495 reatum.

832 1523 862 1553 2.
889 1523 992 1564 Petre,
1021 1519 1187 1552 crucifixus
1213 1519 1424 1559 triumphasti,

890 1570 998 1609 Paule,
1026 1576 1150 1599 cursum

939 1625 1013 1648 ense
1038 1615 1269 1655 consummasti,

890 1664 964 1697 Una
990 1663 1058 1696 dies
1084 1662 1193 1693 ambos
1220 1662 1390 1701 coronavit,

892 1711 954 1742 Vos
971 1711 1115 1744 Christus
1136 1709 1169 1740 in
1187 1709 1288 1749 gloria
1302 1709 1438 1748 locavit,

821 1759 857 1790 V.
887 1758 996 1790 Sancti
1019 1757 1126 1796 Petre,
1144 1756 1253 1795 Paule,
1275 1755 1440 1787 subvenite

889 1806 926 1838 In
952 1813 1050 1845 agone
1074 1803 1164 1835 nobis
1189 1803 1282 1834 huius
1307 1803 1401 1835 vitae.

831 1864 861 1894 3.
887 1862 1048 1899 Martyres
1073 1860 1203 1892 Domini
1226 1860 1369 1901 pretiosi,

890 1909 1011 1949 cosma,
1038 1908 1192 1941 Damiane
1216 1908 1355 1947 gloriosi,

888 1957 1021 1996 Proprio
1047 1956 1197 1995 sanguine
1221 1954 1389 1994 purpurati

887 2005 999 2037 Caelos
1023 2002 1251 2036 conscendistis
1275 2002 1428 2041 laureati,

817 2052 855 2085 V.
886 2051 1040 2083 Coronam
1068 2049 1191 2082 decoris
1216 2048 1399 2089 suscepistis

885 2098 936 2130 De
957 2107 1052 2130 manu
1066 2096 1138 2139 Dei,
1157 2104 1249 2135 quam
1265 2095 1435 2129 meruistis.

948 2183 994 2214 In
1019 2185 1050 2215 2.
1074 2181 1304 2213 NocturnO.

1027 2257 1224 2292 Antiphonae.

829 2318 860 2350 1.
886 2316 1052 2356 Reliquiae
1076 2315 1133 2346 sub
1159 2315 1277 2355 gremio

932 2365 998 2397 Isto
1024 2372 1155 2404 quorum
1180 2361 1337 2404 foventur,
