<?xml version="1.0" encoding="UTF-8"?>
<!DOCTYPE html PUBLIC "-//W3C//DTD XHTML 1.0 Transitional//EN"
    "http://www.w3.org/TR/xhtml1/DTD/xhtml1-transitional.dtd">
<html xmlns="http://www.w3.org/1999/xhtml" xml:lang="en" lang="en">
 <head>
  <title>
</title>
<meta http-equiv="Content-Type" content="text/html;charset=utf-8" />
  <meta name='ocr-system' content='tesseract 3.04.00' />
  <meta name='ocr-capabilities' content='ocr_page ocr_carea ocr_par ocr_line ocrx_word'/>
</head>
<body>
  <div class='ocr_page' id='page_1' title='image "./analectahymnica28drevuoft_00173.png"; bbox 0 0 1655 2534; ppageno 0'>
   <div class='ocr_carea' id='block_1_1' title="bbox 723 137 980 172">
    <p class='ocr_par' dir='ltr' id='par_1_1' title="bbox 723 137 980 172">
     <span class='ocr_line' id='line_1_1' title="bbox 723 137 980 172; baseline -0.004 0"><span class='ocrx_word' id='word_1_1' title='bbox 723 137 980 172; x_wconf 78' lang='lat'>—170—</span> 
     </span>
    </p>
   </div>
   <div class='ocr_carea' id='block_1_2' title="bbox 336 236 694 271">
    <p class='ocr_par' dir='ltr' id='par_1_2' title="bbox 336 236 694 271">
     <span class='ocr_line' id='line_1_2' title="bbox 336 236 694 271; baseline -0.014 0"><span class='ocrx_word' id='word_1_2' title='bbox 336 239 383 271; x_wconf 88' lang='lat' dir='ltr'>In</span> <span class='ocrx_word' id='word_1_3' title='bbox 409 239 439 271; x_wconf 84' lang='lat'>2.</span> <span class='ocrx_word' id='word_1_4' title='bbox 466 236 694 269; x_wconf 79' lang='lat' dir='ltr'>Nocturno.</span> 
     </span>
    </p>
   </div>
   <div class='ocr_carea' id='block_1_3' title="bbox 420 337 614 373">
    <p class='ocr_par' dir='ltr' id='par_1_3' title="bbox 420 337 614 373">
     <span class='ocr_line' id='line_1_3' title="bbox 420 337 614 373; baseline -0.015 -7"><span class='ocrx_word' id='word_1_5' title='bbox 420 337 614 373; x_wconf 79' lang='lat' dir='ltr'>Antiphonae.</span> 
     </span>
    </p>
   </div>
   <div class='ocr_carea' id='block_1_4' title="bbox 219 412 675 592">
    <p class='ocr_par' dir='ltr' id='par_1_4' title="bbox 219 412 675 454">
     <span class='ocr_line' id='line_1_4' title="bbox 219 412 675 454; baseline -0.011 -7"><span class='ocrx_word' id='word_1_6' title='bbox 219 415 249 447; x_wconf 86' lang='lat'>1.</span> <span class='ocrx_word' id='word_1_7' title='bbox 276 414 392 454; x_wconf 84' lang='lat' dir='ltr'>Magna</span> <span class='ocrx_word' id='word_1_8' title='bbox 417 416 464 445; x_wconf 89' lang='lat' dir='ltr'>est</span> <span class='ocrx_word' id='word_1_9' title='bbox 488 413 552 444; x_wconf 92' lang='lat' dir='ltr'>eius</span> <span class='ocrx_word' id='word_1_10' title='bbox 577 412 675 453; x_wconf 83' lang='lat' dir='ltr'>gloria</span> 
     </span>
    </p>

    <p class='ocr_par' dir='ltr' id='par_1_5' title="bbox 275 458 672 592">
     <span class='ocr_line' id='line_1_5' title="bbox 319 458 672 497; baseline -0.011 -5"><span class='ocrx_word' id='word_1_11' title='bbox 319 461 356 492; x_wconf 89' lang='lat' dir='ltr'>In</span> <span class='ocrx_word' id='word_1_12' title='bbox 382 460 507 492; x_wconf 85' lang='lat' dir='ltr'>Christo</span> <span class='ocrx_word' id='word_1_13' title='bbox 532 458 672 497; x_wconf 87' lang='lat' dir='ltr'>salutari,</span> 
     </span>
     <span class='ocr_line' id='line_1_6' title="bbox 275 507 597 545; baseline -0.012 -6"><span class='ocrx_word' id='word_1_14' title='bbox 275 507 369 540; x_wconf 89' lang='lat' dir='ltr'>Cuius</span> <span class='ocrx_word' id='word_1_15' title='bbox 393 507 476 538; x_wconf 87' lang='lat' dir='ltr'>idem</span> <span class='ocrx_word' id='word_1_16' title='bbox 502 513 597 545; x_wconf 84' lang='lat' dir='ltr'>opera</span> 
     </span>
     <span class='ocr_line' id='line_1_7' title="bbox 317 551 591 592; baseline 0 -7"><span class='ocrx_word' id='word_1_17' title='bbox 317 553 403 585; x_wconf 84' lang='lat' dir='ltr'>Tulit</span> <span class='ocrx_word' id='word_1_18' title='bbox 428 551 591 592; x_wconf 82' lang='lat' dir='ltr'>baptizari.</span> 
     </span>
    </p>
   </div>
   <div class='ocr_carea' id='block_1_5' title="bbox 213 626 750 806">
    <p class='ocr_par' dir='ltr' id='par_1_6' title="bbox 213 626 750 705">
     <span class='ocr_line' id='line_1_8' title="bbox 213 626 629 660; baseline -0.012 0"><span class='ocrx_word' id='word_1_19' title='bbox 213 630 244 660; x_wconf 84' lang='lat'>2.</span> <span class='ocrx_word' id='word_1_20' title='bbox 269 627 394 660; x_wconf 75' lang='lat' dir='ltr'>Dedisti</span> <span class='ocrx_word' id='word_1_21' title='bbox 421 626 629 658; x_wconf 75' lang='lat' dir='ltr'>hereditatem</span> 
     </span>
     <span class='ocr_line' id='line_1_9' title="bbox 315 670 750 705; baseline -0.011 0"><span class='ocrx_word' id='word_1_22' title='bbox 315 674 436 705; x_wconf 80' lang='lat' dir='ltr'>Nomen</span> <span class='ocrx_word' id='word_1_23' title='bbox 460 675 547 703; x_wconf 87' lang='lat' dir='ltr'>tuum</span> <span class='ocrx_word' id='word_1_24' title='bbox 569 670 750 703; x_wconf 87' lang='lat' dir='ltr'>timentibus</span> 
     </span>
    </p>

    <p class='ocr_par' dir='ltr' id='par_1_7' title="bbox 266 719 725 806">
     <span class='ocr_line' id='line_1_10' title="bbox 266 719 608 753; baseline -0.015 0"><span class='ocrx_word' id='word_1_25' title='bbox 266 721 310 753; x_wconf 86' lang='lat' dir='ltr'>Et</span> <span class='ocrx_word' id='word_1_26' title='bbox 335 723 420 751; x_wconf 90' lang='lat' dir='ltr'>tuam</span> <span class='ocrx_word' id='word_1_27' title='bbox 445 719 608 750; x_wconf 79' lang='lat' dir='ltr'>veritatem</span> 
     </span>
     <span class='ocr_line' id='line_1_11' title="bbox 313 763 725 806; baseline -0.01 -8"><span class='ocrx_word' id='word_1_28' title='bbox 313 766 433 798; x_wconf 84' lang='lat' dir='ltr'>Mundo</span> <span class='ocrx_word' id='word_1_29' title='bbox 458 763 725 806; x_wconf 78' lang='lat' dir='ltr'>praedicantibus.</span> 
     </span>
    </p>
   </div>
   <div class='ocr_carea' id='block_1_6' title="bbox 211 839 768 1018">
    <p class='ocr_par' dir='ltr' id='par_1_8' title="bbox 211 839 768 1018">
     <span class='ocr_line' id='line_1_12' title="bbox 211 839 608 879; baseline -0.005 -6"><span class='ocrx_word' id='word_1_30' title='bbox 211 841 242 872; x_wconf 86' lang='lat'>3.</span> <span class='ocrx_word' id='word_1_31' title='bbox 267 840 356 872; x_wconf 89' lang='lat' dir='ltr'>Haec</span> <span class='ocrx_word' id='word_1_32' title='bbox 379 842 426 871; x_wconf 84' lang='lat' dir='ltr'>est.</span> <span class='ocrx_word' id='word_1_33' title='bbox 449 839 608 879; x_wconf 85' lang='lat' dir='ltr'>generatio</span> 
     </span>
     <span class='ocr_line' id='line_1_13' title="bbox 313 885 768 926; baseline 0 -9"><span class='ocrx_word' id='word_1_34' title='bbox 313 886 533 926; x_wconf 77' lang='lat' dir='ltr'>Quaerentium</span> <span class='ocrx_word' id='word_1_35' title='bbox 557 887 600 925; x_wconf 85' lang='lat' dir='ltr'>te,</span> <span class='ocrx_word' id='word_1_36' title='bbox 625 885 768 925; x_wconf 85' lang='lat' dir='ltr'>Domine,</span> 
     </span>
     <span class='ocr_line' id='line_1_14' title="bbox 265 932 700 972; baseline -0.005 -7"><span class='ocrx_word' id='word_1_37' title='bbox 265 934 323 972; x_wconf 77' lang='lat' dir='ltr'>Qui</span> <span class='ocrx_word' id='word_1_38' title='bbox 353 932 527 971; x_wconf 82' lang='lat' dir='ltr'>consumpti</span> <span class='ocrx_word' id='word_1_39' title='bbox 550 932 700 971; x_wconf 85' lang='lat' dir='ltr'>martyrio</span> 
     </span>
     <span class='ocr_line' id='line_1_15' title="bbox 314 979 709 1018; baseline -0.005 -7"><span class='ocrx_word' id='word_1_40' title='bbox 314 979 393 1011; x_wconf 88' lang='lat' dir='ltr'>Sunt</span> <span class='ocrx_word' id='word_1_41' title='bbox 416 988 474 1018; x_wconf 87' lang='lat' dir='ltr'>pro</span> <span class='ocrx_word' id='word_1_42' title='bbox 498 981 551 1009; x_wconf 88' lang='lat' dir='ltr'>tuo</span> <span class='ocrx_word' id='word_1_43' title='bbox 575 979 709 1010; x_wconf 89' lang='lat' dir='ltr'>nomine.</span> 
     </span>
    </p>
   </div>
   <div class='ocr_carea' id='block_1_7' title="bbox 394 1080 598 1115">
    <p class='ocr_par' dir='ltr' id='par_1_9' title="bbox 394 1080 598 1115">
     <span class='ocr_line' id='line_1_16' title="bbox 394 1080 598 1115; baseline 0 -8"><span class='ocrx_word' id='word_1_44' title='bbox 394 1080 598 1115; x_wconf 84' lang='lat' dir='ltr'>Responsoria.</span> 
     </span>
    </p>
   </div>
   <div class='ocr_carea' id='block_1_8' title="bbox 197 1155 820 1513">
    <p class='ocr_par' dir='ltr' id='par_1_10' title="bbox 197 1155 820 1513">
     <span class='ocr_line' id='line_1_17' title="bbox 209 1155 728 1194; baseline -0.004 -7"><span class='ocrx_word' id='word_1_45' title='bbox 209 1155 240 1187; x_wconf 86' lang='lat'>1.</span> <span class='ocrx_word' id='word_1_46' title='bbox 266 1155 328 1187; x_wconf 89' lang='lat' dir='ltr'>Hic</span> <span class='ocrx_word' id='word_1_47' title='bbox 352 1157 400 1185; x_wconf 90' lang='lat' dir='ltr'>est</span> <span class='ocrx_word' id='word_1_48' title='bbox 423 1163 536 1194; x_wconf 88' lang='lat' dir='ltr'>praeco</span> <span class='ocrx_word' id='word_1_49' title='bbox 562 1155 728 1187; x_wconf 89' lang='lat' dir='ltr'>salvatoris</span> 
     </span>
     <span class='ocr_line' id='line_1_18' title="bbox 264 1201 766 1243; baseline 0 -10"><span class='ocrx_word' id='word_1_50' title='bbox 264 1202 307 1233; x_wconf 87' lang='lat' dir='ltr'>Et</span> <span class='ocrx_word' id='word_1_51' title='bbox 335 1209 523 1240; x_wconf 82' lang='lat' dir='ltr'>praecursor</span> <span class='ocrx_word' id='word_1_52' title='bbox 547 1201 766 1243; x_wconf 80' lang='lat' dir='ltr'>redemptoris,</span> 
     </span>
     <span class='ocr_line' id='line_1_19' title="bbox 266 1246 648 1286; baseline 0.003 -8"><span class='ocrx_word' id='word_1_53' title='bbox 266 1248 331 1286; x_wconf 78' lang='lat' dir='ltr'>Quo</span> <span class='ocrx_word' id='word_1_54' title='bbox 355 1249 446 1279; x_wconf 87' lang='lat' dir='ltr'>natus</span> <span class='ocrx_word' id='word_1_55' title='bbox 470 1257 508 1279; x_wconf 89' lang='lat' dir='ltr'>ex</span> <span class='ocrx_word' id='word_1_56' title='bbox 530 1246 648 1279; x_wconf 88' lang='lat' dir='ltr'>femina</span> 
     </span>
     <span class='ocr_line' id='line_1_20' title="bbox 312 1294 679 1334; baseline 0.003 -9"><span class='ocrx_word' id='word_1_57' title='bbox 312 1294 417 1325; x_wconf 73' lang='lat' dir='ltr'>Maior</span> <span class='ocrx_word' id='word_1_58' title='bbox 444 1303 506 1325; x_wconf 92' lang='lat' dir='ltr'>non</span> <span class='ocrx_word' id='word_1_59' title='bbox 531 1295 679 1334; x_wconf 84' lang='lat' dir='ltr'>surrexit,</span> 
     </span>
     <span class='ocr_line' id='line_1_21' title="bbox 267 1340 593 1379; baseline -0.003 -8"><span class='ocrx_word' id='word_1_60' title='bbox 267 1341 357 1371; x_wconf 91' lang='lat' dir='ltr'>Viam</span> <span class='ocrx_word' id='word_1_61' title='bbox 380 1340 593 1379; x_wconf 85' lang='lat' dir='ltr'>paenitentiae</span> 
     </span>
     <span class='ocr_line' id='line_1_22' title="bbox 315 1386 663 1420; baseline 0 -2"><span class='ocrx_word' id='word_1_62' title='bbox 315 1387 507 1418; x_wconf 88' lang='lat' dir='ltr'>Praedicans</span> <span class='ocrx_word' id='word_1_63' title='bbox 534 1386 663 1420; x_wconf 82' lang='lat' dir='ltr'>detexit.</span> 
     </span>
     <span class='ocr_line' id='line_1_23' title="bbox 197 1433 820 1475; baseline -0.002 -10"><span class='ocrx_word' id='word_1_64' title='bbox 197 1433 236 1465; x_wconf 93' lang='lat' dir='ltr'>V.</span> <span class='ocrx_word' id='word_1_65' title='bbox 265 1433 344 1465; x_wconf 68' lang='lat' dir='ltr'>Futt</span> <span class='ocrx_word' id='word_1_66' title='bbox 367 1433 458 1465; x_wconf 79' lang='lat' dir='ltr'>homo</span> <span class='ocrx_word' id='word_1_67' title='bbox 483 1433 600 1465; x_wconf 70' lang='lat' dir='ltr'>missus</span> <span class='ocrx_word' id='word_1_68' title='bbox 621 1442 642 1464; x_wconf 83' lang='lat' dir='ltr'>a</span> <span class='ocrx_word' id='word_1_69' title='bbox 657 1433 739 1475; x_wconf 85' lang='lat' dir='ltr'>Deo,</span> <span class='ocrx_word' id='word_1_70' title='bbox 767 1433 820 1465; x_wconf 66' lang='lat' dir='ltr'>cui</span> 
     </span>
     <span class='ocr_line' id='line_1_24' title="bbox 264 1479 668 1513; baseline 0.005 -2"><span class='ocrx_word' id='word_1_71' title='bbox 264 1488 382 1511; x_wconf 63' lang='lat' dir='ltr'>‘nomen</span> <span class='ocrx_word' id='word_1_72' title='bbox 406 1482 474 1511; x_wconf 82' lang='lat' dir='ltr'>erat</span> <span class='ocrx_word' id='word_1_73' title='bbox 496 1479 668 1513; x_wconf 72' lang='lat' dir='ltr'>Iohannes.</span> 
     </span>
    </p>
   </div>
   <div class='ocr_carea' id='block_1_9' title="bbox 196 1554 821 1965">
    <p class='ocr_par' dir='ltr' id='par_1_11' title="bbox 196 1554 821 1965">
     <span class='ocr_line' id='line_1_25' title="bbox 210 1554 638 1596; baseline -0.002 -11"><span class='ocrx_word' id='word_1_74' title='bbox 210 1555 239 1585; x_wconf 86' lang='lat'>2.</span> <span class='ocrx_word' id='word_1_75' title='bbox 266 1554 362 1596; x_wconf 84' lang='lat' dir='ltr'>Rege,</span> <span class='ocrx_word' id='word_1_76' title='bbox 389 1562 446 1585; x_wconf 84' lang='lat' dir='ltr'>rex</span> <span class='ocrx_word' id='word_1_77' title='bbox 471 1554 638 1593; x_wconf 88' lang='lat' dir='ltr'>caelorum,</span> 
     </span>
     <span class='ocr_line' id='line_1_26' title="bbox 315 1599 688 1638; baseline -0.003 -7"><span class='ocrx_word' id='word_1_78' title='bbox 315 1599 469 1638; x_wconf 86' lang='lat' dir='ltr'>Populum</span> <span class='ocrx_word' id='word_1_79' title='bbox 492 1603 688 1638; x_wconf 80' lang='lat' dir='ltr'>praesentem</span> 
     </span>
     <span class='ocr_line' id='line_1_27' title="bbox 269 1646 549 1684; baseline -0.004 -8"><span class='ocrx_word' id='word_1_80' title='bbox 269 1646 313 1677; x_wconf 86' lang='lat' dir='ltr'>Et</span> <span class='ocrx_word' id='word_1_81' title='bbox 337 1646 549 1684; x_wconf 83' lang='lat' dir='ltr'>apostolorum</span> 
     </span>
     <span class='ocr_line' id='line_1_28' title="bbox 314 1692 603 1732; baseline 0.003 -10"><span class='ocrx_word' id='word_1_82' title='bbox 314 1692 386 1723; x_wconf 85' lang='lat' dir='ltr'>Alis</span> <span class='ocrx_word' id='word_1_83' title='bbox 409 1692 603 1732; x_wconf 76' lang='lat' dir='ltr'>innitentem,</span> 
     </span>
     <span class='ocr_line' id='line_1_29' title="bbox 268 1738 538 1770; baseline -0.004 0"><span class='ocrx_word' id='word_1_84' title='bbox 268 1738 332 1770; x_wconf 90' lang='lat' dir='ltr'>Sua</span> <span class='ocrx_word' id='word_1_85' title='bbox 359 1738 432 1770; x_wconf 89' lang='lat' dir='ltr'>Iesu</span> <span class='ocrx_word' id='word_1_86' title='bbox 455 1738 538 1770; x_wconf 93' lang='lat' dir='ltr'>bone</span> 
     </span>
     <span class='ocr_line' id='line_1_30' title="bbox 270 1783 585 1818; baseline 0.003 -2"><span class='ocrx_word' id='word_1_87' title='bbox 270 1784 369 1816; x_wconf 86' lang='lat' dir='ltr'>Serva</span> <span class='ocrx_word' id='word_1_88' title='bbox 395 1783 585 1818; x_wconf 85' lang='lat' dir='ltr'>defensione.</span> 
     </span>
     <span class='ocr_line' id='line_1_31' title="bbox 196 1830 821 1871; baseline 0.002 -9"><span class='ocrx_word' id='word_1_89' title='bbox 196 1830 239 1862; x_wconf 88' lang='lat' dir='ltr'>V.</span> <span class='ocrx_word' id='word_1_90' title='bbox 270 1830 433 1862; x_wconf 66' lang='lat' dir='ltr'>Adiuvent</span> <span class='ocrx_word' id='word_1_91' title='bbox 486 1840 546 1863; x_wconf 66' lang='lat' dir='ltr'>mos</span> <span class='ocrx_word' id='word_1_92' title='bbox 604 1830 821 1871; x_wconf 71' lang='lat' dir='ltr'>apostolorum</span> 
     </span>
     <span class='ocr_line' id='line_1_32' title="bbox 269 1877 821 1919; baseline 0.002 -10"><span class='ocrx_word' id='word_1_93' title='bbox 269 1877 401 1919; x_wconf 73' lang='lat' dir='ltr'>merita,</span> <span class='ocrx_word' id='word_1_94' title='bbox 450 1887 586 1917; x_wconf 70' lang='lat' dir='ltr'>quorum</span> <span class='ocrx_word' id='word_1_95' title='bbox 628 1878 679 1909; x_wconf 69' lang='lat' dir='ltr'>hic</span> <span class='ocrx_word' id='word_1_96' title='bbox 724 1886 821 1910; x_wconf 79' lang='lat' dir='ltr'>sacra</span> 
     </span>
     <span class='ocr_line' id='line_1_33' title="bbox 274 1924 796 1965; baseline 0.004 -10"><span class='ocrx_word' id='word_1_97' title='bbox 274 1924 452 1965; x_wconf 69' lang='lat' dir='ltr'>qaudemus</span> <span class='ocrx_word' id='word_1_98' title='bbox 476 1924 589 1956; x_wconf 75' lang='lat' dir='ltr'>habere</span> <span class='ocrx_word' id='word_1_99' title='bbox 619 1924 796 1964; x_wconf 65' lang='lat' dir='ltr'>patrociia.</span> 
     </span>
    </p>
   </div>
   <div class='ocr_carea' id='block_1_10' title="bbox 195 1999 821 2407">
    <p class='ocr_par' dir='ltr' id='par_1_12' title="bbox 195 1999 821 2407">
     <span class='ocr_line' id='line_1_34' title="bbox 216 1999 653 2037; baseline -0.005 -6"><span class='ocrx_word' id='word_1_100' title='bbox 216 2000 247 2031; x_wconf 84' lang='lat'>3.</span> <span class='ocrx_word' id='word_1_101' title='bbox 273 1999 451 2037; x_wconf 85' lang='lat' dir='ltr'>Martyrum</span> <span class='ocrx_word' id='word_1_102' title='bbox 478 1999 653 2031; x_wconf 86' lang='lat' dir='ltr'>constantia</span> 
     </span>
     <span class='ocr_line' id='line_1_35' title="bbox 269 2044 475 2085; baseline -0.005 -8"><span class='ocrx_word' id='word_1_103' title='bbox 269 2044 475 2085; x_wconf 87' lang='lat' dir='ltr'>Invincibilis‚</span> 
     </span>
     <span class='ocr_line' id='line_1_36' title="bbox 269 2091 708 2131; baseline -0.005 -7"><span class='ocrx_word' id='word_1_104' title='bbox 269 2092 294 2124; x_wconf 92' lang='grc' dir='ltr'>Ο</span> <span class='ocrx_word' id='word_1_105' title='bbox 321 2092 436 2124; x_wconf 86' lang='lat' dir='ltr'>caritas</span> <span class='ocrx_word' id='word_1_106' title='bbox 457 2091 708 2131; x_wconf 85' lang='lat' dir='ltr'>inaestimabilis,</span> 
     </span>
     <span class='ocr_line' id='line_1_37' title="bbox 267 2138 788 2177; baseline 0.002 -8"><span class='ocrx_word' id='word_1_107' title='bbox 267 2138 330 2169; x_wconf 88' lang='lat' dir='ltr'>Per</span> <span class='ocrx_word' id='word_1_108' title='bbox 352 2147 443 2177; x_wconf 84' lang='lat' dir='ltr'>quam</span> <span class='ocrx_word' id='word_1_109' title='bbox 469 2138 556 2170; x_wconf 86' lang='lat' dir='ltr'>caelo</span> <span class='ocrx_word' id='word_1_110' title='bbox 581 2138 788 2170; x_wconf 81' lang='lat' dir='ltr'>sublimantur</span> 
     </span>
     <span class='ocr_line' id='line_1_38' title="bbox 265 2184 785 2226; baseline 0.004 -11"><span class='ocrx_word' id='word_1_111' title='bbox 265 2184 311 2216; x_wconf 87' lang='lat' dir='ltr'>Et</span> <span class='ocrx_word' id='word_1_112' title='bbox 336 2193 402 2215; x_wconf 87' lang='lat' dir='ltr'>cum</span> <span class='ocrx_word' id='word_1_113' title='bbox 430 2185 555 2217; x_wconf 86' lang='lat' dir='ltr'>Christo</span> <span class='ocrx_word' id='word_1_114' title='bbox 581 2187 785 2226; x_wconf 83' lang='lat' dir='ltr'>coronantur3</span> 
     </span>
     <span class='ocr_line' id='line_1_39' title="bbox 195 2229 818 2275; baseline 0.002 -13"><span class='ocrx_word' id='word_1_115' title='bbox 195 2229 235 2264; x_wconf 92' lang='lat' dir='ltr'>V.</span> <span class='ocrx_word' id='word_1_116' title='bbox 270 2231 323 2262; x_wconf 84' lang='lat' dir='ltr'>Da</span> <span class='ocrx_word' id='word_1_117' title='bbox 338 2232 440 2272; x_wconf 67' lang='lat' dir='ltr'>nobis,</span> <span class='ocrx_word' id='word_1_118' title='bbox 457 2231 610 2275; x_wconf 66' lang='lat' dir='ltr'>Domine,</span> <span class='ocrx_word' id='word_1_119' title='bbox 628 2234 665 2264; x_wconf 74' lang='lat' dir='ltr'>ut</span> <span class='ocrx_word' id='word_1_120' title='bbox 681 2241 818 2271; x_wconf 76' lang='lat' dir='ltr'>Quorum</span> 
     </span>
     <span class='ocr_line' id='line_1_40' title="bbox 257 2277 821 2319; baseline 0.004 -10"><span class='ocrx_word' id='word_1_121' title='bbox 257 2277 309 2309; x_wconf 71' lang='lat' dir='ltr'>hic</span> <span class='ocrx_word' id='word_1_122' title='bbox 321 2286 465 2317; x_wconf 73' lang='lat' dir='ltr'>corpora</span> <span class='ocrx_word' id='word_1_123' title='bbox 470 2278 529 2318; x_wconf 70' lang='lat' dir='ltr'>pio</span> <span class='ocrx_word' id='word_1_124' title='bbox 545 2287 653 2310; x_wconf 77' lang='lat' dir='ltr'>amore</span> <span class='ocrx_word' id='word_1_125' title='bbox 664 2279 821 2319; x_wconf 59' lang='lat' dir='ltr'>compleo-</span> 
     </span>
     <span class='ocr_line' id='line_1_41' title="bbox 266 2324 816 2366; baseline 0.005 -11"><span class='ocrx_word' id='word_1_126' title='bbox 266 2324 384 2363; x_wconf 70' lang='lat' dir='ltr'>tt&#39;mur,</span> <span class='ocrx_word' id='word_1_127' title='bbox 417 2334 527 2357; x_wconf 75' lang='lat' dir='ltr'>eorum</span> <span class='ocrx_word' id='word_1_128' title='bbox 551 2326 701 2364; x_wconf 74' lang='lat' dir='ltr'>precibus</span> <span class='ocrx_word' id='word_1_129' title='bbox 727 2326 816 2366; x_wconf 67' lang='lat' dir='ltr'>apud</span> 
     </span>
     <span class='ocr_line' id='line_1_42' title="bbox 263 2365 797 2407; baseline 0.007 -5"><span class='ocrx_word' id='word_1_130' title='bbox 263 2372 355 2403; x_wconf 70' lang='lat' dir='ltr'>tuam</span> <span class='ocrx_word' id='word_1_131' title='bbox 379 2365 577 2404; x_wconf 62' lang='lat' dir='ltr'>clementiam</span> <span class='ocrx_word' id='word_1_132' title='bbox 598 2372 797 2407; x_wconf 70' lang='lat' dir='ltr'>adiuvemur.</span> 
     </span>
    </p>
   </div>
   <div class='ocr_carea' id='block_1_11' title="bbox 1017 228 1376 263">
    <p class='ocr_par' dir='ltr' id='par_1_13' title="bbox 1017 228 1376 263">
     <span class='ocr_line' id='line_1_43' title="bbox 1017 228 1376 263; baseline -0.008 -1"><span class='ocrx_word' id='word_1_133' title='bbox 1017 230 1062 262; x_wconf 86' lang='lat' dir='ltr'>In</span> <span class='ocrx_word' id='word_1_134' title='bbox 1088 231 1119 263; x_wconf 82' lang='lat'>3.</span> <span class='ocrx_word' id='word_1_135' title='bbox 1146 228 1376 261; x_wconf 79' lang='lat' dir='ltr'>Nocturno.</span> 
     </span>
    </p>
   </div>
   <div class='ocr_carea' id='block_1_12' title="bbox 1095 330 1292 366">
    <p class='ocr_par' dir='ltr' id='par_1_14' title="bbox 1095 330 1292 366">
     <span class='ocr_line' id='line_1_44' title="bbox 1095 330 1292 366; baseline -0.01 -8"><span class='ocrx_word' id='word_1_136' title='bbox 1095 330 1292 366; x_wconf 79' lang='lat' dir='ltr'>Antiphonac.</span> 
     </span>
    </p>
   </div>
   <div class='ocr_carea' id='block_1_13' title="bbox 894 396 1357 569">
    <p class='ocr_par' dir='ltr' id='par_1_15' title="bbox 894 396 1357 569">
     <span class='ocr_line' id='line_1_45' title="bbox 894 396 1302 437; baseline -0.01 -6"><span class='ocrx_word' id='word_1_137' title='bbox 894 399 924 431; x_wconf 83' lang='lat'>1.</span> <span class='ocrx_word' id='word_1_138' title='bbox 950 399 1044 437; x_wconf 84' lang='lat' dir='ltr'>Ecce,</span> <span class='ocrx_word' id='word_1_139' title='bbox 1069 398 1151 430; x_wconf 90' lang='lat' dir='ltr'>oculi</span> <span class='ocrx_word' id='word_1_140' title='bbox 1175 396 1302 428; x_wconf 87' lang='lat' dir='ltr'>Domini</span> 
     </span>
     <span class='ocr_line' id='line_1_46' title="bbox 998 444 1327 484; baseline -0.012 -7"><span class='ocrx_word' id='word_1_141' title='bbox 998 445 1100 484; x_wconf 83' lang='lat' dir='ltr'>Super</span> <span class='ocrx_word' id='word_1_142' title='bbox 1124 453 1159 475; x_wconf 93' lang='lat' dir='ltr'>se</span> <span class='ocrx_word' id='word_1_143' title='bbox 1182 444 1327 474; x_wconf 85' lang='lat' dir='ltr'>timentes</span> 
     </span>
     <span class='ocr_line' id='line_1_47' title="bbox 949 489 1301 524; baseline -0.011 0"><span class='ocrx_word' id='word_1_144' title='bbox 949 492 993 524; x_wconf 89' lang='lat' dir='ltr'>Et</span> <span class='ocrx_word' id='word_1_145' title='bbox 1018 491 1156 524; x_wconf 88' lang='lat' dir='ltr'>eiusdem</span> <span class='ocrx_word' id='word_1_146' title='bbox 1181 489 1301 521; x_wconf 88' lang='lat' dir='ltr'>nomini</span> 
     </span>
     <span class='ocr_line' id='line_1_48' title="bbox 994 536 1357 569; baseline -0.003 0"><span class='ocrx_word' id='word_1_147' title='bbox 994 538 1120 569; x_wconf 84' lang='lat' dir='ltr'>Laudes</span> <span class='ocrx_word' id='word_1_148' title='bbox 1146 536 1357 568; x_wconf 69' lang='lat' dir='ltr'>concinentes,</span> 
     </span>
    </p>
   </div>
   <div class='ocr_carea' id='block_1_14' title="bbox 887 593 1439 960">
    <p class='ocr_par' dir='ltr' id='par_1_16' title="bbox 887 593 1439 960">
     <span class='ocr_line' id='line_1_49' title="bbox 889 593 1313 631; baseline -0.009 -4"><span class='ocrx_word' id='word_1_149' title='bbox 889 596 920 629; x_wconf 83' lang='lat'>2.</span> <span class='ocrx_word' id='word_1_150' title='bbox 947 594 1159 627; x_wconf 89' lang='lat' dir='ltr'>Adducentur</span> <span class='ocrx_word' id='word_1_151' title='bbox 1187 593 1313 631; x_wconf 85' lang='lat' dir='ltr'>agmina</span> 
     </span>
     <span class='ocr_line' id='line_1_50' title="bbox 991 639 1276 680; baseline -0.011 -8"><span class='ocrx_word' id='word_1_152' title='bbox 991 640 1080 680; x_wconf 86' lang='lat' dir='ltr'>Regi</span> <span class='ocrx_word' id='word_1_153' title='bbox 1105 639 1276 671; x_wconf 84' lang='lat' dir='ltr'>candidata</span> 
     </span>
     <span class='ocr_line' id='line_1_51' title="bbox 945 683 1337 727; baseline -0.008 -9"><span class='ocrx_word' id='word_1_154' title='bbox 945 687 1109 727; x_wconf 85' lang='lat' dir='ltr'>Virginum</span> <span class='ocrx_word' id='word_1_155' title='bbox 1133 683 1337 725; x_wconf 77' lang='lat' dir='ltr'>praefulgida</span> 
     </span>
     <span class='ocr_line' id='line_1_52' title="bbox 990 733 1330 766; baseline -0.012 0"><span class='ocrx_word' id='word_1_156' title='bbox 990 734 1028 766; x_wconf 82' lang='lat' dir='ltr'>In</span> <span class='ocrx_word' id='word_1_157' title='bbox 1054 736 1143 764; x_wconf 88' lang='lat' dir='ltr'>veste</span> <span class='ocrx_word' id='word_1_158' title='bbox 1170 733 1330 764; x_wconf 83' lang='lat' dir='ltr'>deaurata.</span> 
     </span>
     <span class='ocr_line' id='line_1_53' title="bbox 887 787 1371 822; baseline -0.01 0"><span class='ocrx_word' id='word_1_159' title='bbox 887 791 920 822; x_wconf 83' lang='lat'>3.</span> <span class='ocrx_word' id='word_1_160' title='bbox 950 788 1097 822; x_wconf 86' lang='lat' dir='ltr'>Custodit</span> <span class='ocrx_word' id='word_1_161' title='bbox 1121 797 1194 820; x_wconf 91' lang='lat' dir='ltr'>ossa</span> <span class='ocrx_word' id='word_1_162' title='bbox 1218 787 1371 819; x_wconf 89' lang='lat' dir='ltr'>Dominus</span> 
     </span>
     <span class='ocr_line' id='line_1_54' title="bbox 989 835 1439 875; baseline -0.009 -8"><span class='ocrx_word' id='word_1_163' title='bbox 989 836 1185 875; x_wconf 85' lang='lat' dir='ltr'>Sanctorum,</span> <span class='ocrx_word' id='word_1_164' title='bbox 1212 843 1289 873; x_wconf 88' lang='lat' dir='ltr'>quos</span> <span class='ocrx_word' id='word_1_165' title='bbox 1314 835 1439 872; x_wconf 85' lang='lat' dir='ltr'>tuetur,</span> 
     </span>
     <span class='ocr_line' id='line_1_55' title="bbox 937 881 1350 922; baseline -0.007 -8"><span class='ocrx_word' id='word_1_166' title='bbox 937 884 1075 922; x_wconf 74' lang='lat' dir='ltr'>Quorum</span> <span class='ocrx_word' id='word_1_167' title='bbox 1102 890 1197 913; x_wconf 87' lang='lat' dir='ltr'>unum</span> <span class='ocrx_word' id='word_1_168' title='bbox 1221 881 1350 920; x_wconf 81' lang='lat' dir='ltr'>penitus</span> 
     </span>
     <span class='ocr_line' id='line_1_56' title="bbox 986 928 1321 960; baseline -0.003 0"><span class='ocrx_word' id='word_1_169' title='bbox 986 929 1059 960; x_wconf 85' lang='lat' dir='ltr'>Non</span> <span class='ocrx_word' id='word_1_170' title='bbox 1085 928 1321 960; x_wconf 88' lang='lat' dir='ltr'>comminuetur.</span> 
     </span>
    </p>
   </div>
   <div class='ocr_carea' id='block_1_15' title="bbox 1077 1031 1292 1065">
    <p class='ocr_par' dir='ltr' id='par_1_17' title="bbox 1077 1031 1292 1065">
     <span class='ocr_line' id='line_1_57' title="bbox 1077 1031 1292 1065; baseline -0.009 -7"><span class='ocrx_word' id='word_1_171' title='bbox 1077 1031 1121 1058; x_wconf 84' lang='lat' dir='ltr'>Re</span> <span class='ocrx_word' id='word_1_172' title='bbox 1129 1031 1292 1065; x_wconf 81' lang='lat' dir='ltr'>sponsoria.</span> 
     </span>
    </p>
   </div>
   <div class='ocr_carea' id='block_1_16' title="bbox 890 1095 1431 1463">
    <p class='ocr_par' dir='ltr' id='par_1_18' title="bbox 890 1095 1279 1129">
     <span class='ocr_line' id='line_1_58' title="bbox 890 1095 1279 1129; baseline -0.005 0"><span class='ocrx_word' id='word_1_173' title='bbox 890 1096 920 1129; x_wconf 84' lang='lat'>1.</span> <span class='ocrx_word' id='word_1_174' title='bbox 951 1096 1058 1129; x_wconf 80' lang='lat' dir='ltr'>Sancti</span> <span class='ocrx_word' id='word_1_175' title='bbox 1085 1095 1279 1128; x_wconf 84' lang='lat' dir='ltr'>confessores</span> 
     </span>
    </p>

    <p class='ocr_par' dir='ltr' id='par_1_19' title="bbox 996 1142 1254 1182">
     <span class='ocr_line' id='line_1_59' title="bbox 996 1142 1254 1182; baseline -0.008 -7"><span class='ocrx_word' id='word_1_176' title='bbox 996 1143 1041 1175; x_wconf 85' lang='lat' dir='ltr'>Et</span> <span class='ocrx_word' id='word_1_177' title='bbox 1065 1143 1155 1174; x_wconf 85' lang='lat' dir='ltr'>electi</span> <span class='ocrx_word' id='word_1_178' title='bbox 1182 1142 1254 1182; x_wconf 91' lang='lat' dir='ltr'>Dei,</span> 
     </span>
    </p>

    <p class='ocr_par' dir='ltr' id='par_1_20' title="bbox 945 1190 1307 1276">
     <span class='ocr_line' id='line_1_60' title="bbox 945 1190 1307 1229; baseline 0 -8"><span class='ocrx_word' id='word_1_179' title='bbox 945 1191 1081 1229; x_wconf 73' lang='lat' dir='ltr'>Quorum</span> <span class='ocrx_word' id='word_1_180' title='bbox 1102 1190 1178 1229; x_wconf 83' lang='lat' dir='ltr'>vita,</span> <span class='ocrx_word' id='word_1_181' title='bbox 1204 1198 1307 1221; x_wconf 88' lang='lat' dir='ltr'>mores</span> 
     </span>
     <span class='ocr_line' id='line_1_61' title="bbox 993 1236 1248 1276; baseline -0.008 -7"><span class='ocrx_word' id='word_1_182' title='bbox 993 1237 1185 1269; x_wconf 88' lang='lat' dir='ltr'>Placuerunt</span> <span class='ocrx_word' id='word_1_183' title='bbox 1210 1236 1248 1276; x_wconf 89' lang='lat' dir='ltr'>ei,</span> 
     </span>
    </p>

    <p class='ocr_par' dir='ltr' id='par_1_21' title="bbox 945 1283 1332 1371">
     <span class='ocr_line' id='line_1_62' title="bbox 945 1283 1323 1315; baseline -0.003 -1"><span class='ocrx_word' id='word_1_184' title='bbox 945 1283 1101 1315; x_wconf 85' lang='lat' dir='ltr'>Mundum</span> <span class='ocrx_word' id='word_1_185' title='bbox 1126 1283 1323 1314; x_wconf 87' lang='lat' dir='ltr'>illustrantes</span> 
     </span>
     <span class='ocr_line' id='line_1_63' title="bbox 992 1329 1332 1371; baseline -0.003 -10"><span class='ocrx_word' id='word_1_186' title='bbox 992 1329 1098 1362; x_wconf 90' lang='lat' dir='ltr'>Verbo</span> <span class='ocrx_word' id='word_1_187' title='bbox 1124 1333 1156 1361; x_wconf 89' lang='lat' dir='ltr'>et</span> <span class='ocrx_word' id='word_1_188' title='bbox 1179 1330 1332 1371; x_wconf 82' lang='lat' dir='ltr'>exemplo,</span> 
     </span>
    </p>

    <p class='ocr_par' dir='ltr' id='par_1_22' title="bbox 946 1376 1431 1463">
     <span class='ocr_line' id='line_1_64' title="bbox 946 1376 1313 1409; baseline -0.005 0"><span class='ocrx_word' id='word_1_189' title='bbox 946 1377 1061 1409; x_wconf 84' lang='lat' dir='ltr'>Servos</span> <span class='ocrx_word' id='word_1_190' title='bbox 1086 1386 1120 1408; x_wconf 90' lang='lat' dir='ltr'>se</span> <span class='ocrx_word' id='word_1_191' title='bbox 1145 1376 1313 1408; x_wconf 86' lang='lat' dir='ltr'>laudantes</span> 
     </span>
     <span class='ocr_line' id='line_1_65' title="bbox 993 1422 1431 1463; baseline -0.005 -8"><span class='ocrx_word' id='word_1_192' title='bbox 993 1424 1129 1455; x_wconf 85' lang='lat' dir='ltr'>Servent</span> <span class='ocrx_word' id='word_1_193' title='bbox 1151 1424 1184 1454; x_wconf 90' lang='lat' dir='ltr'>in</span> <span class='ocrx_word' id='word_1_194' title='bbox 1210 1423 1270 1455; x_wconf 90' lang='lat' dir='ltr'>hoc</span> <span class='ocrx_word' id='word_1_195' title='bbox 1293 1422 1431 1463; x_wconf 87' lang='lat' dir='ltr'>templo;</span> 
     </span>
    </p>
   </div>
   <div class='ocr_carea' id='block_1_17' title="bbox 876 1469 1287 1509">
    <p class='ocr_par' dir='ltr' id='par_1_23' title="bbox 876 1469 1287 1509">
     <span class='ocr_line' id='line_1_66' title="bbox 876 1469 1287 1509; baseline 0.002 -9"><span class='ocrx_word' id='word_1_196' title='bbox 876 1469 913 1502; x_wconf 91' lang='lat' dir='ltr'>V.</span> <span class='ocrx_word' id='word_1_197' title='bbox 947 1470 1081 1502; x_wconf 84' lang='lat' dir='ltr'>Carnem</span> <span class='ocrx_word' id='word_1_198' title='bbox 1107 1469 1287 1509; x_wconf 87' lang='lat' dir='ltr'>domabant,</span> 
     </span>
    </p>
   </div>
   <div class='ocr_carea' id='block_1_18' title="bbox 944 1516 1415 1694">
    <p class='ocr_par' dir='ltr' id='par_1_24' title="bbox 945 1516 1405 1641">
     <span class='ocr_line' id='line_1_67' title="bbox 948 1516 1372 1554; baseline 0 -7"><span class='ocrx_word' id='word_1_199' title='bbox 948 1516 1128 1548; x_wconf 87' lang='lat' dir='ltr'>Virtutibus</span> <span class='ocrx_word' id='word_1_200' title='bbox 1155 1516 1372 1554; x_wconf 82' lang='lat' dir='ltr'>coruscabant,</span> 
     </span>
     <span class='ocr_line' id='line_1_68' title="bbox 945 1562 1405 1603; baseline -0.004 -9"><span class='ocrx_word' id='word_1_201' title='bbox 945 1563 1130 1594; x_wconf 88' lang='lat' dir='ltr'>Praesentia</span> <span class='ocrx_word' id='word_1_202' title='bbox 1155 1562 1405 1603; x_wconf 84' lang='lat' dir='ltr'>contemnebant,</span> 
     </span>
     <span class='ocr_line' id='line_1_69' title="bbox 945 1609 1340 1641; baseline 0 -1"><span class='ocrx_word' id='word_1_203' title='bbox 945 1611 1115 1641; x_wconf 88' lang='lat' dir='ltr'>Aeternam</span> <span class='ocrx_word' id='word_1_204' title='bbox 1141 1609 1238 1640; x_wconf 86' lang='lat' dir='ltr'>vitam</span> <span class='ocrx_word' id='word_1_205' title='bbox 1262 1618 1340 1641; x_wconf 89' lang='lat' dir='ltr'>voce</span> 
     </span>
    </p>

    <p class='ocr_par' dir='ltr' id='par_1_25' title="bbox 944 1655 1415 1694">
     <span class='ocr_line' id='line_1_70' title="bbox 944 1655 1415 1694; baseline 0.006 -8"><span class='ocrx_word' id='word_1_206' title='bbox 944 1655 989 1687; x_wconf 89' lang='lat' dir='ltr'>Et</span> <span class='ocrx_word' id='word_1_207' title='bbox 1012 1656 1151 1687; x_wconf 85' lang='lat' dir='ltr'>moribus</span> <span class='ocrx_word' id='word_1_208' title='bbox 1176 1656 1415 1694; x_wconf 83' lang='lat' dir='ltr'>praedicabant.</span> 
     </span>
    </p>
   </div>
   <div class='ocr_carea' id='block_1_19' title="bbox 888 1711 1506 2032">
    <p class='ocr_par' dir='ltr' id='par_1_26' title="bbox 888 1711 1502 1846">
     <span class='ocr_line' id='line_1_71' title="bbox 888 1711 1322 1751; baseline -0.002 -6"><span class='ocrx_word' id='word_1_209' title='bbox 888 1712 921 1745; x_wconf 82' lang='lat'>2.</span> <span class='ocrx_word' id='word_1_210' title='bbox 946 1711 1063 1751; x_wconf 82' lang='lat' dir='ltr'>Fulget</span> <span class='ocrx_word' id='word_1_211' title='bbox 1084 1712 1162 1743; x_wconf 90' lang='lat' dir='ltr'>haec</span> <span class='ocrx_word' id='word_1_212' title='bbox 1188 1713 1322 1744; x_wconf 91' lang='lat' dir='ltr'>ecclesia</span> 
     </span>
     <span class='ocr_line' id='line_1_72' title="bbox 945 1758 1502 1800; baseline 0.007 -11"><span class='ocrx_word' id='word_1_213' title='bbox 945 1758 1130 1790; x_wconf 83' lang='lat' dir='ltr'>Sanctarum</span> <span class='ocrx_word' id='word_1_214' title='bbox 1149 1759 1303 1798; x_wconf 88' lang='lat' dir='ltr'>virginum</span> <span class='ocrx_word' id='word_1_215' title='bbox 1319 1761 1502 1800; x_wconf 88' lang='lat' dir='ltr'>praesentia</span> 
     </span>
     <span class='ocr_line' id='line_1_73' title="bbox 947 1805 1421 1846; baseline 0.006 -10"><span class='ocrx_word' id='word_1_216' title='bbox 947 1805 1032 1843; x_wconf 78' lang='lat' dir='ltr'>Quae</span> <span class='ocrx_word' id='word_1_217' title='bbox 1059 1805 1186 1838; x_wconf 86' lang='lat' dir='ltr'>Christo</span> <span class='ocrx_word' id='word_1_218' title='bbox 1212 1815 1327 1846; x_wconf 91' lang='lat' dir='ltr'>sponso</span> <span class='ocrx_word' id='word_1_219' title='bbox 1352 1809 1421 1840; x_wconf 83' lang='lat' dir='ltr'>tota</span> 
     </span>
    </p>

    <p class='ocr_par' dir='ltr' id='par_1_27' title="bbox 946 1853 1335 1978">
     <span class='ocr_line' id='line_1_74' title="bbox 993 1853 1335 1885; baseline 0.006 -2"><span class='ocrx_word' id='word_1_220' title='bbox 993 1855 1098 1884; x_wconf 89' lang='lat' dir='ltr'>mente</span> <span class='ocrx_word' id='word_1_221' title='bbox 1123 1853 1335 1885; x_wconf 86' lang='lat' dir='ltr'>adhaeserunt</span> 
     </span>
     <span class='ocr_line' id='line_1_75' title="bbox 946 1899 1305 1932; baseline 0.008 -3"><span class='ocrx_word' id='word_1_222' title='bbox 946 1899 991 1930; x_wconf 86' lang='lat' dir='ltr'>Et</span> <span class='ocrx_word' id='word_1_223' title='bbox 1014 1900 1119 1931; x_wconf 91' lang='lat' dir='ltr'>omnia</span> <span class='ocrx_word' id='word_1_224' title='bbox 1144 1899 1305 1932; x_wconf 89' lang='lat' dir='ltr'>mundana</span> 
     </span>
     <span class='ocr_line' id='line_1_76' title="bbox 947 1945 1186 1978; baseline 0.004 -2"><span class='ocrx_word' id='word_1_225' title='bbox 947 1945 1186 1978; x_wconf 86' lang='lat' dir='ltr'>Delectamenta</span> 
     </span>
    </p>

    <p class='ocr_par' dir='ltr' id='par_1_28' title="bbox 995 1993 1506 2032">
     <span class='ocr_line' id='line_1_77' title="bbox 995 1993 1506 2032; baseline 0.012 -10"><span class='ocrx_word' id='word_1_226' title='bbox 995 2001 1053 2030; x_wconf 92' lang='lat' dir='ltr'>pro</span> <span class='ocrx_word' id='word_1_227' title='bbox 1076 1993 1142 2024; x_wconf 87' lang='lat' dir='ltr'>eius</span> <span class='ocrx_word' id='word_1_228' title='bbox 1160 1994 1286 2024; x_wconf 86' lang='lat' dir='ltr'>nornine</span> <span class='ocrx_word' id='word_1_229' title='bbox 1303 1998 1506 2032; x_wconf 88' lang='lat' dir='ltr'>spreverunt.</span> 
     </span>
    </p>
   </div>
   <div class='ocr_carea' id='block_1_20' title="bbox 877 2038 1506 2078">
    <p class='ocr_par' dir='ltr' id='par_1_29' title="bbox 877 2038 1506 2078">
     <span class='ocr_line' id='line_1_78' title="bbox 877 2038 1506 2078; baseline 0.006 -9"><span class='ocrx_word' id='word_1_230' title='bbox 877 2038 916 2072; x_wconf 88' lang='lat' dir='ltr'>V.</span> <span class='ocrx_word' id='word_1_231' title='bbox 951 2038 1099 2078; x_wconf 69' lang='lat' dir='ltr'>Reqnum</span> <span class='ocrx_word' id='word_1_232' title='bbox 1145 2040 1263 2071; x_wconf 72' lang='lat' dir='ltr'>mundi</span> <span class='ocrx_word' id='word_1_233' title='bbox 1308 2043 1336 2072; x_wconf 75' lang='lat' dir='ltr'>et</span> <span class='ocrx_word' id='word_1_234' title='bbox 1376 2050 1506 2074; x_wconf 71' lang='lat' dir='ltr'>omnem</span> 
     </span>
    </p>
   </div>
   <div class='ocr_carea' id='block_1_21' title="bbox 943 2085 1507 2211">
    <p class='ocr_par' dir='ltr' id='par_1_30' title="bbox 943 2085 1507 2211">
     <span class='ocr_line' id='line_1_79' title="bbox 949 2085 1507 2127; baseline 0.011 -12"><span class='ocrx_word' id='word_1_235' title='bbox 949 2087 1102 2116; x_wconf 72' lang='lat' dir='ltr'>ornatum</span> <span class='ocrx_word' id='word_1_236' title='bbox 1115 2085 1239 2117; x_wconf 72' lang='lat' dir='ltr'>saeculi</span> <span class='ocrx_word' id='word_1_237' title='bbox 1251 2089 1507 2127; x_wconf 71' lang='lat' dir='ltr'>contempserunt</span> 
     </span>
     <span class='ocr_line' id='line_1_80' title="bbox 943 2133 1499 2175; baseline 0.013 -13"><span class='ocrx_word' id='word_1_238' title='bbox 943 2133 1078 2171; x_wconf 70' lang='lat' dir='ltr'>propter</span> <span class='ocrx_word' id='word_1_239' title='bbox 1110 2141 1254 2165; x_wconf 75' lang='lat' dir='ltr'>amorem</span> <span class='ocrx_word' id='word_1_240' title='bbox 1277 2134 1417 2167; x_wconf 69' lang='lat' dir='ltr'>Domini</span> <span class='ocrx_word' id='word_1_241' title='bbox 1439 2137 1499 2175; x_wconf 68' lang='lat' dir='ltr'>sui,</span> 
     </span>
     <span class='ocr_line' id='line_1_81' title="bbox 949 2177 1182 2211; baseline 0.009 -2"><span class='ocrx_word' id='word_1_242' title='bbox 949 2178 1027 2209; x_wconf 77' lang='lat' dir='ltr'>Iesu</span> <span class='ocrx_word' id='word_1_243' title='bbox 1053 2177 1182 2211; x_wconf 68' lang='lat' dir='ltr'>Christi.</span> 
     </span>
    </p>
   </div>
   <div class='ocr_carea' id='block_1_22' title="bbox 893 2234 1343 2418">
    <p class='ocr_par' dir='ltr' id='par_1_31' title="bbox 893 2234 1343 2418">
     <span class='ocr_line' id='line_1_82' title="bbox 893 2234 1287 2268; baseline 0.003 -1"><span class='ocrx_word' id='word_1_244' title='bbox 893 2234 925 2267; x_wconf 80' lang='lat'>3.</span> <span class='ocrx_word' id='word_1_245' title='bbox 952 2234 976 2266; x_wconf 97' lang='lat' dir='ltr'>O</span> <span class='ocrx_word' id='word_1_246' title='bbox 1002 2242 1078 2266; x_wconf 83' lang='lat' dir='ltr'>vere</span> <span class='ocrx_word' id='word_1_247' title='bbox 1102 2235 1287 2268; x_wconf 87' lang='lat' dir='ltr'>beatissima</span> 
     </span>
     <span class='ocr_line' id='line_1_83' title="bbox 950 2281 1343 2323; baseline 0.01 -11"><span class='ocrx_word' id='word_1_248' title='bbox 950 2281 1173 2313; x_wconf 86' lang='lat' dir='ltr'>Aarhusiensis</span> <span class='ocrx_word' id='word_1_249' title='bbox 1199 2284 1343 2323; x_wconf 82' lang='lat' dir='ltr'>ecclesia,</span> 
     </span>
     <span class='ocr_line' id='line_1_84' title="bbox 951 2328 1324 2367; baseline 0.013 -9"><span class='ocrx_word' id='word_1_250' title='bbox 951 2328 1050 2367; x_wconf 82' lang='lat' dir='ltr'>Quam</span> <span class='ocrx_word' id='word_1_251' title='bbox 1070 2329 1170 2360; x_wconf 89' lang='lat' dir='ltr'>honor</span> <span class='ocrx_word' id='word_1_252' title='bbox 1195 2333 1324 2363; x_wconf 85' lang='lat' dir='ltr'>sanctae</span> 
     </span>
     <span class='ocr_line' id='line_1_85' title="bbox 952 2374 1289 2418; baseline 0.012 -12"><span class='ocrx_word' id='word_1_253' title='bbox 952 2374 1117 2407; x_wconf 83' lang='lat' dir='ltr'>Trinitatis</span> <span class='ocrx_word' id='word_1_254' title='bbox 1140 2376 1289 2418; x_wconf 82' lang='lat' dir='ltr'>illustrat,</span> 
     </span>
    </p>
   </div>
  </div>
 </body>
</html>
