1655 2534
714 118 942 153 -77-

190 218 221 250 3.
248 217 347 250 Redit
369 218 507 258 praesul,
535 223 566 250 et
590 220 735 259 placatur

294 265 427 297 Preeum
451 264 604 298 beneficio

246 310 343 351 Deus,
371 311 519 351 princeps
544 312 699 347 liberatur

292 358 408 390 Mortis
431 367 450 389 a.
474 359 642 398 supplicio.

185 405 218 437 4.
245 405 273 435 A
300 404 460 437 mundana
484 408 660 448 segregavit

292 451 333 483 Se
359 451 570 491 Gundulphus
595 455 722 487 turbine

242 497 287 529 Et
311 498 351 529 de
375 507 452 531 vera
474 502 694 540 praegustavit

290 544 419 578 Domini
445 546 621 582 dulcedine.

183 602 214 633 5.
241 600 453 641 Exspectavit
476 603 637 643 vigilando

288 649 463 681 Venturum
489 659 509 682 a
533 652 664 694 nuptiis,

239 696 336 734 Quem
363 697 509 735 supernis
536 699 725 731 exsultando

286 742 418 783 Spectat
439 743 472 774 in
499 744 632 778 deliciis,

350 806 396 834 Ad
415 808 599 836 Benedictus.

163 855 205 886 A.
234 854 277 886 Hi
301 858 375 887 sunt
398 855 559 887 columnae
588 857 731 896 stabiles,

283 902 458 934 Praecones
481 902 635 943 iustitiae,

235 948 311 980 Vita
337 950 431 989 digne
455 949 633 981 laudadiles

284 996 462 1036 Lampades
488 997 648 1039 ecclesiae,

925 217 1007 256 Quos
1030 217 1143 249 merito
1170 227 1232 249 non
1255 219 1392 259 impares

969 264 1046 296 Dies
1070 263 1149 295 haec
1173 267 1375 300 terrestribus

922 311 1043 343 Exutos
1067 309 1145 342 fecit
1169 320 1332 352 compares

970 358 1180 398 Supernorurn
1208 360 1358 395 coetibus.

982 462 1028 493 111
1054 463 1085 494 2.
1112 462 1219 501 Vesp
1234 462 1327 494 eris.

1036 526 1081 553 Ad
1101 526 1280 561 Magnifieat.

849 575 888 608 A.
920 574 944 606 Ο
969 574 1150 606 sacerdotes
1176 574 1288 616 incliti,

919 621 1079 653 Virtutum
1106 621 1186 652 dono
1211 622 1361 662 praediti,

915 668 939 700 O
966 669 1052 700 clara
1076 668 1156 700 caeli
1179 668 1308 709 lumina,

916 714 962 747 Ut
985 714 1128 755 paradisi
1148 713 1280 747 flumina

917 762 1078 802 Irrigastis
1104 762 1259 793 ecclesiae

917 809 1061 849 Hortum,
1088 816 1193 848 regem
1219 809 1370 850 iustitiae,

917 855 1076 887 Christum
1100 855 1225 894 placate
1249 856 1408 897 precibus,

916 902 962 934 Ut
984 911 1041 933 nos
1066 910 1086 932 a
1108 902 1200 932 malis
1226 903 1370 934 omnibus

916 949 1053 981 Servans
1078 948 1168 979 nobis
1195 949 1344 981 caelestia

912 995 977 1027 Det
999 998 1073 1034 post
1096 994 1175 1025 haec
1198 996 1307 1026 mundi
1331 997 1449 1028 taedia.

240 1061 322 1088 Brev.
344 1061 373 1088 S.
395 1059 521 1088 Servatii
541 1062 704 1089 Traiecten.
724 1064 792 1098 imp.
814 1062 956 1089 Coloniae
977 1058 1057 1087 1503.
1069 1073 1106 1077 —
1125 1059 1165 1086 In
1185 1056 1212 1086 ἐζ.
1231 1059 1334 1086 Noet.
1355 1060 1374 1085 Α
1395 1058 1421 1094 3,
1442 1060 1461 1088 4

161 1106 297 1132 superna.
325 1113 361 1118 —
385 1098 428 1126 In
454 1098 564 1126 Laud.
589 1099 635 1127 Ad
654 1100 762 1127 Bened.
781 1099 816 1135 A,
837 1097 855 1126 2
874 1100 968 1126 iustis.
995 1113 1032 1118 —-
1059 1097 1204 1131 Hymnus:
1235 1096 1327 1125 Adest
1339 1101 1461 1130 ,saerata

160 1136 327 1170 praesulum
345 1135 440 1170 (Anal.
460 1136 571 1170 XXIII,
593 1135 669 1172 246.)

611 1210 658 1240 27.
688 1209 731 1240 De
751 1209 860 1240 sancta
878 1207 1004 1239 Monica.

297 1271 340 1302 111
369 1271 397 1303 1.
424 1270 636 1310 Vesperis.

365 1354 560 1390 Antiphonae.

169 1429 198 1461 1.
224 1429 352 1472 Exusta,
379 1430 562 1471 Ierusalem,
590 1434 622 1462 et
641 1432 771 1476 laetare,

224 1477 303 1514 Quia
327 1486 384 1509 rex
401 1476 505 1508 Salem
521 1478 616 1511 iubar
632 1480 772 1511 salutare

220 1523 269 1555 De
293 1524 438 1564 Babylon
463 1525 604 1557 tenebris

221 1570 368 1603 Sanctam
393 1571 546 1611 produxit
570 1572 741 1606 Monicam.

161 1637 192 1668 2.
219 1636 355 1668 Matrem
378 1637 517 1669 sterilem

262 1684 348 1716 Deus
372 1683 532 1725 laetificat,

215 1730 299 1762 Dum
323 1732 534 1773 Augustinum

263 1779 378 1818 spiritu
402 1782 578 1818 regenerat.

157 1835 189 1866 3.
216 1834 390 1867 Laetanter
415 1835 541 1867 domum
563 1836 693 1869 Domini

260 1882 368 1914 visitat
391 1882 509 1924 puella,

210 1929 273 1961 Pro
302 1938 362 1969 quo
386 1929 444 1962 sub
472 1929 590 1962 Christi
615 1932 743 1964 nomine

256 1977 391 2009 sustinet
414 1975 549 2017 flagella.

149 2033 181 2064 4.
209 2033 281 2065 Non
305 2034 339 2066 in
363 2042 478 2066 vanum
503 2034 662 2079 aedificat,

206 2079 363 2121 Sponsum
387 2080 455 2114 Deo
482 2082 619 2124 dedicat,

203 2127 259 2159 Fit
282 2128 431 2161 salutaris
456 2130 595 2162 Patricio

203 2174 755 2211 SanctaeMonicaesedulamonitio.

145 2232 175 2264 5.
202 2231 324 2273 Lauda,
350 2233 534 2276 Ierusalem,

249 2280 385 2312 omnium
409 2281 612 2322 salvatorem,

199 2326 258 2365 Qui
281 2326 387 2360 fructu
411 2328 502 2363 huius
528 2328 665 2366 feminae

250 2375 306 2407 dat
329 2376 593 2411 benedictionem.

1021 1266 1067 1293 Ad
1085 1264 1263 1301 Mag-nificat.

833 1315 874 1347 A.
904 1314 1024 1355 Gaude,
1052 1314 1165 1346 chorus
1190 1322 1395 1353 supernorum

952 1362 1075 1400 civium,

902 1409 1024 1440 Plaude
1047 1407 1141 1440 turba
1169 1408 1353 1439 devotorum

947 1455 1116 1493 hominum,

901 1502 983 1533 Nam
1009 1510 1125 1542 sponsa
1151 1501 1269 1533 Christi
1292 1502 1422 1534 Monica

900 1549 987 1581 Caeli
1012 1548 1128 1581 transit
1152 1548 1194 1580 ad
1217 1549 1342 1589 gaudia,

898 1596 984 1635 Quae
1008 1604 1108 1629 novae
1132 1595 1232 1635 prolis

944 1643 1081 1676 fecunda
1103 1644 1206 1683 gratia

894 1691 1015 1723 Mundo
1039 1691 1167 1732 peperit

943 1739 1156 1770 doctrinarum
1182 1737 1382 1771 charismata.

955 1815 986 1846 A
997 1814 1018 1846 d
1042 1812 1307 1846 Matutinum.

1022 1870 1238 1897 Invitatorium.

890 1917 1049 1950 Christum
1073 1918 1176 1949 lucem
1199 1918 1366 1949 adoremus

935 1966 1146 1997 illustrantem
1171 1965 1284 2007 onmia,

892 2012 986 2044 Cuius
1012 2013 1101 2045 vultu
1125 2012 1317 2043 iucundatur

934 2063 1046 2092 sancta
1070 2062 1173 2091 mater
1196 2059 1336 2090 Monica.

948 2137 993 2168 In
1021 2136 1050 2168 1.
1077 2134 1307 2167 Nocturno.

1025 2190 1220 2226 Antiphonae.

829 2239 860 2271 1.
887 2238 1027 2272 Perfecit
1050 2239 1090 2272 ab
1117 2237 1253 2273 infantia

884 2287 987 2319 Huius
1014 2296 1127 2328 corpus
1154 2289 1186 2318 et
1210 2289 1296 2321 labia

883 2334 920 2366 In
943 2344 1019 2367 suae
1042 2335 1146 2368 laudis
1171 2336 1297 2369 titulum

884 2382 1040 2423 Christus,
1066 2384 1206 2417 salvator
1231 2386 1379 2423 omnium·
