1655 2534
693 114 923 149 —95—

223 207 311 239 Mira
333 208 418 239 inter
443 216 654 248 coaequaevos

271 255 316 286 Et
344 255 524 286 obedientia

225 301 268 333 Et
293 307 422 334 eventus
448 305 557 334 contra
581 312 691 337 saevos

274 348 412 380 Grandis
436 348 606 389 patientia;

155 396 193 428 V.
222 396 324 427 Annis
345 395 378 426 in
403 396 565 427 teneribus

273 442 410 474 Curvum
435 442 498 474 iam
523 451 558 474 se
582 446 738 489 praebuit,

224 489 332 521 Uncus
356 492 392 519 ut
416 490 565 529 operibus

269 536 359 568 Fieri
383 535 483 568 bonus
508 537 627 569 debuit.

283 659 330 690 In
355 659 387 692 2.
413 658 645 692 Nocturno.

363 732 557 767 Antiphonae.

162 790 193 823 1.
219 789 306 827 Filii,
332 789 455 828 scitote,

266 836 355 875 Quod
385 835 566 868 mirificavit

219 883 306 914 Deus
332 883 415 914 hunc
440 883 563 922 devote,

267 929 325 968 Qui
350 938 385 960 se
408 929 577 961 invocavit.

164 988 194 1018 2.
220 987 270 1017 Ad
299 989 340 1027 te,
367 986 463 1022 Deus,
490 994 581 1016 mane

268 1033 412 1073 Odgcrus
436 1033 548 1072 oravit,

218 1080 317 1119 Tunc,
345 1080 429 1118 quod
453 1079 562 1118 iniqua
583 1087 622 1110 nc

268 1127 331 1169 Vis,
362 1126 585 1158 consideravit.

160 1184 191 1215 3.
219 1183 296 1220 Hic,
323 1183 362 1214 ab
389 1183 508 1222 angelis
534 1190 624 1222 quem
650 1191 770 1221 parum,

267 1230 361 1268 Deus,
388 1230 562 1269 minorasti,

218 1277 322 1318 Supra
347 1277 450 1308 caelos
474 1277 536 1308 iam
561 1277 759 1316 praeclarum

266 1324 376 1356 Gloria
402 1323 568 1355 coronasti.

354 1399 562 1434 Responsoria.

160 1457 191 1489 1.
218 1458 407 1488 Innocenter
430 1456 569 1495 pueriles

260 1504 370 1535 Annos
390 1504 443 1534 hic
467 1502 674 1545 transcendit,

215 1551 400 1591 Voluptates
427 1558 482 1581 cor
507 1549 548 1581 ad
573 1550 652 1581 viles

261 1597 372 1630 Carnis
396 1606 457 1629 non
482 1596 634 1636 appendit

215 1645 381 1685 Nunquam
407 1653 518 1676 suasus
543 1644 584 1675 ad
609 1644 739 1675 hostiles

264 1693 363 1724 Deum
392 1695 424 1723 et
446 1690 586 1723 offendit.

144 1739 181 1772 V.
213 1738 392 1772 Custodivit
430 1739 500 1770 vias
536 1738 675 1770 Domini
709 1747 768 1769 ‘nec

212 1787 313 1827 impie
335 1786 431 1827 yessit
455 1795 477 1816 a
500 1785 570 1817 Deo
591 1794 660 1818 suo.

155 1845 185 1876 2.
213 1843 310 1875 Cordi
335 1843 421 1874 Deus
445 1841 615 1881 inspiravit

259 1890 419 1922 Praesulis
439 1888 559 1921 ibidem

210 1939 375 1970 Invenisse
400 1946 490 1969 suum
514 1935 622 1968 David

258 1985 401 2028 Servum,
426 1987 503 2016 tunc
531 1986 561 2014 et
585 1983 669 2014 idern

210 2033 325 2066 Sacros
350 2033 404 2072 pie
427 2030 620 2063 ministravit

257 2081 393 2114 Ordines
419 2079 537 2118 eidem3

138 2130 177 2164 V.
206 2129 294 2161 Deus
320 2128 481 2167 odgerum
505 2126 704 2165 praeclarum

254 2176 302 2208 Ob
328 2174 538 2206 humilitatem

208 2223 335 2258 Extulit
360 2224 392 2253 et
415 2221 582 2255 levitarum

257 2270 357 2303 Dedit
383 2269 578 2309 dignitatem.

149 2331 180 2363 3.
207 2329 349 2368 Quantus
373 2326 407 2357 in
432 2326 615 2360 diaconatus

253 2374 395 2408 Fulserit
419 2373 524 2406 officio

904 211 962 243 Vir
987 212 1141 253 Odgerus‚
1165 211 1235 243 Deo
1262 214 1378 256 gratus,

953 258 1024 290 Non
1050 261 1154 298 potest
1175 258 1293 290 indicio

902 305 1078 346 Explicari,
1102 314 1174 336 nam
1200 307 1325 337 notatus

951 352 1022 384 Non
1047 354 1094 384 est
1115 361 1252 391 unquam
1276 353 1373 393 viti03

866 424 873 431 .
904 398 1038 431 Sedulus
1063 399 1214 438 oratione⁷

905 445 1038 477 Sanctus
1064 446 1311 484 conversatione⁷

903 493 1022 524 Famae
1046 492 1148 524 clarus
1173 492 1273 523 omnis
1298 492 1408 525 bonae.

968 632 1324 673 1n‚3.Noctu1—no.

1046 725 1239 761 Antiphonae.

868 816 875 823 .
901 792 1006 823 Iustus
1032 792 1111 824 vixit
1136 792 1209 823 dum
1234 792 1287 823 hic
1311 796 1402 834 esset,

947 838 1034 877 Ergo
1059 838 1152 877 digne
1176 838 1237 870 Dei

900 884 1011 915 Monte
1035 887 1142 916 sancto
1167 894 1250 916 nunc
1276 886 1423 928 quiescet,

947 930 1158 962 Collaetemur
1183 932 1223 963 ei.

868 1022 875 1029 .
899 996 1023 1035 Lapide
1049 997 1088 1028 de
1111 996 1251 1034 pretioso

947 1042 1070 1075 Sertum
1096 1041 1181 1073 Deus
1208 1043 1311 1083 capite

898 1089 998 1121 Dedit
1020 1089 1093 1121 huic
1117 1089 1273 1131 g10r10s03

947 1137 1087 1175 Quantus
1112 1136 1186 1167 hinc
1209 1137 1261 1177 sit,
1291 1137 1403 1177 sapite.

865 1227 872 1233 .
898 1202 1053 1233 Innocens
1078 1202 1129 1232 hic
1154 1202 1309 1244 manibus,

945 1249 1084 1280 Mundus
1111 1252 1215 1280 exstat
1239 1250 1348 1291 corde,

897 1296 970 1328 Non
1000 1296 1078 1327 dans
1104 1304 1138 1326 os
1162 1296 1308 1327 inanibus

947 1344 1034 1375 Vixit
1057 1342 1125 1375 sine
1148 1343 1253 1377 sorde.

1035 1437 1240 1471 Responsoria.

863 1530 870 1537 .
896 1503 978 1535 Dum
1006 1503 1155 1534 crevisset
1180 1503 1214 1534 in
1237 1503 1413 1542 perfectum

945 1551 1054 1582 Virmn
1078 1549 1129 1581 vir
1151 1549 1273 1591 beatus,

896 1597 1056 1636 Quomodo
1080 1596 1176 1628 vitam
1201 1597 1243 1628 ad
1269 1598 1411 1630 effectum

943 1644 1116 1676 Sanctioris
1141 1647 1241 1676 status

893 1691 1034 1724 Duceret
1062 1699 1120 1732 per
1143 1691 1206 1723 iter
1230 1695 1351 1723 rectum

941 1739 1044 1778 Saepe
1067 1738 1257 1777 meditatus;

823 1786 860 1818 V.
889 1786 934 1818 Et
950 1787 1007 1826 qui
1021 1795 1091 1819 ‘non
1104 1786 1272 1818 renuntiat
1289 1787 1445 1830 ommibus,

892 1842 974 1873 quae
986 1832 1140 1874 possidet,
1157 1843 1226 1865 non
1235 1835 1341 1873 potest
1359 1843 1448 1866 meus

892 1890 957 1913 esse
982 1879 1172 1922 discipulus.

859 1972 866 1979 .
892 1947 992 1979 Fama
1019 1947 1105 1979 venit
1128 1949 1237 1979 sancto
1262 1947 1342 1986 viro,

891 1995 981 2034 Quod
1005 1994 1205 2027 Plechelmus
1238 1996 1332 2033 atque
1357 1995 1447 2027 Wiro

938 2042 1048 2074 Sancti
1071 2041 1104 2072 in
1130 2041 1274 2072 exsilium

892 2088 933 2120 Se
958 2087 1135 2121 transferre
1161 2087 1371 2126 disponebant

891 2136 1027 2176 Propter
1043 2136 1158 2174 Iesum,
1178 2142 1270 2173 quem
1287 2135 1446 2176 colebant,

939 2183 1108 2220 Christum,
1134 2181 1197 2213 Dei
1221 2180 1330 2214 filium.

852 2255 859 2263 .
890 2228 1008 2269 Quibus
1031 2238 1065 2261 se
1089 2237 1151 2260 non
1176 2237 1264 2260 serus

938 2277 1046 2310 Iunxit
1073 2276 1106 2307 in
1132 2276 1283 2308 auxilium

891 2325 952 2357 Dei
976 2325 1027 2358 vir
1051 2323 1193 2363 odgerus

940 2372 1075 2413 Propter
1099 2371 1160 2403 Dei
1183 2370 1293 2406 filium.
