<?xml version="1.0" encoding="UTF-8"?>
<!DOCTYPE html PUBLIC "-//W3C//DTD XHTML 1.0 Transitional//EN"
    "http://www.w3.org/TR/xhtml1/DTD/xhtml1-transitional.dtd">
<html xmlns="http://www.w3.org/1999/xhtml" xml:lang="en" lang="en">
 <head>
  <title>
</title>
<meta http-equiv="Content-Type" content="text/html;charset=utf-8" />
  <meta name='ocr-system' content='tesseract 3.04.00' />
  <meta name='ocr-capabilities' content='ocr_page ocr_carea ocr_par ocr_line ocrx_word'/>
</head>
<body>
  <div class='ocr_page' id='page_1' title='image "./analectahymnica28drevuoft_00208.png"; bbox 0 0 1655 2534; ppageno 0'>
   <div class='ocr_carea' id='block_1_1' title="bbox 665 76 922 110">
    <p class='ocr_par' dir='ltr' id='par_1_1' title="bbox 665 76 922 110">
     <span class='ocr_line' id='line_1_1' title="bbox 665 76 922 110; baseline 0.004 -1"><span class='ocrx_word' id='word_1_1' title='bbox 665 76 922 110; x_wconf 45' lang='lat' dir='ltr'>-205m</span> 
     </span>
    </p>
   </div>
   <div class='ocr_carea' id='block_1_2' title="bbox 149 168 633 342">
    <p class='ocr_par' dir='ltr' id='par_1_2' title="bbox 149 168 633 302">
     <span class='ocr_line' id='line_1_2' title="bbox 149 168 633 209; baseline 0.006 -10"><span class='ocrx_word' id='word_1_2' title='bbox 149 168 180 200; x_wconf 86' lang='lat'>3.</span> <span class='ocrx_word' id='word_1_3' title='bbox 206 168 408 200; x_wconf 83' lang='lat' dir='ltr'>Anthenticis</span> <span class='ocrx_word' id='word_1_4' title='bbox 433 171 633 209; x_wconf 83' lang='lat' dir='ltr'>praesulibus</span> 
     </span>
     <span class='ocr_line' id='line_1_3' title="bbox 208 214 579 259; baseline 0.008 -13"><span class='ocrx_word' id='word_1_5' title='bbox 208 214 379 247; x_wconf 84' lang='lat' dir='ltr'>Profitetur</span> <span class='ocrx_word' id='word_1_6' title='bbox 403 217 579 259; x_wconf 80' lang='lat' dir='ltr'>gemitibus,</span> 
     </span>
     <span class='ocr_line' id='line_1_4' title="bbox 209 262 572 302; baseline 0.003 -8"><span class='ocrx_word' id='word_1_7' title='bbox 209 262 364 302; x_wconf 84' lang='lat' dir='ltr'>Suspiriis</span> <span class='ocrx_word' id='word_1_8' title='bbox 390 265 422 293; x_wconf 79' lang='lat' dir='ltr'>et</span> <span class='ocrx_word' id='word_1_9' title='bbox 447 262 572 295; x_wconf 84' lang='lat' dir='ltr'>fletibus</span> 
     </span>
    </p>

    <p class='ocr_par' dir='ltr' id='par_1_3' title="bbox 258 309 610 342">
     <span class='ocr_line' id='line_1_5' title="bbox 258 309 610 342; baseline 0.003 -1"><span class='ocrx_word' id='word_1_10' title='bbox 258 309 312 341; x_wconf 84' lang='lat' dir='ltr'>Sui</span> <span class='ocrx_word' id='word_1_11' title='bbox 339 310 480 341; x_wconf 87' lang='lat' dir='ltr'>dolorem</span> <span class='ocrx_word' id='word_1_12' title='bbox 504 312 610 342; x_wconf 84' lang='lat' dir='ltr'>aniini.</span> 
     </span>
    </p>
   </div>
   <div class='ocr_carea' id='block_1_3' title="bbox 349 384 556 419">
    <p class='ocr_par' dir='ltr' id='par_1_4' title="bbox 349 384 556 419">
     <span class='ocr_line' id='line_1_6' title="bbox 349 384 556 419; baseline 0.005 -9"><span class='ocrx_word' id='word_1_13' title='bbox 349 384 556 419; x_wconf 80' lang='lat' dir='ltr'>Responsoria.</span> 
     </span>
    </p>
   </div>
   <div class='ocr_carea' id='block_1_4' title="bbox 137 439 696 989">
    <p class='ocr_par' dir='ltr' id='par_1_5' title="bbox 137 439 696 989">
     <span class='ocr_line' id='line_1_7' title="bbox 148 439 450 480; baseline 0 -8"><span class='ocrx_word' id='word_1_14' title='bbox 148 439 179 472; x_wconf 86' lang='lat'>1.</span> <span class='ocrx_word' id='word_1_15' title='bbox 207 439 316 471; x_wconf 84' lang='lat' dir='ltr'>Sancti</span> <span class='ocrx_word' id='word_1_16' title='bbox 341 443 450 480; x_wconf 77' lang='lat' dir='ltr'>patres</span> 
     </span>
     <span class='ocr_line' id='line_1_8' title="bbox 256 485 498 526; baseline 0.008 -9"><span class='ocrx_word' id='word_1_17' title='bbox 256 485 369 519; x_wconf 83' lang='lat' dir='ltr'>affectu</span> <span class='ocrx_word' id='word_1_18' title='bbox 393 488 498 526; x_wconf 78' lang='lat' dir='ltr'>patrio</span> 
     </span>
     <span class='ocr_line' id='line_1_9' title="bbox 210 533 408 566; baseline -0.005 0"><span class='ocrx_word' id='word_1_19' title='bbox 210 533 408 566; x_wconf 85' lang='lat' dir='ltr'>Adhibentes</span> 
     </span>
     <span class='ocr_line' id='line_1_10' title="bbox 253 582 542 613; baseline 0.003 -2"><span class='ocrx_word' id='word_1_20' title='bbox 253 582 410 613; x_wconf 81' lang='lat' dir='ltr'>medelam</span> <span class='ocrx_word' id='word_1_21' title='bbox 436 582 542 613; x_wconf 83' lang='lat' dir='ltr'>saucio</span> 
     </span>
     <span class='ocr_line' id='line_1_11' title="bbox 209 627 468 660; baseline 0.004 -1"><span class='ocrx_word' id='word_1_22' title='bbox 209 628 334 660; x_wconf 80' lang='lat' dir='ltr'>Blande</span> <span class='ocrx_word' id='word_1_23' title='bbox 359 627 468 660; x_wconf 85' lang='lat' dir='ltr'>fovent</span> 
     </span>
     <span class='ocr_line' id='line_1_12' title="bbox 254 675 537 714; baseline 0.004 -9"><span class='ocrx_word' id='word_1_24' title='bbox 254 675 316 714; x_wconf 88' lang='lat' dir='ltr'>piis</span> <span class='ocrx_word' id='word_1_25' title='bbox 342 675 537 707; x_wconf 86' lang='lat' dir='ltr'>sermonibus</span> 
     </span>
     <span class='ocr_line' id='line_1_13' title="bbox 209 721 473 755; baseline 0 -3"><span class='ocrx_word' id='word_1_26' title='bbox 209 721 272 752; x_wconf 87' lang='lat' dir='ltr'>Pro</span> <span class='ocrx_word' id='word_1_27' title='bbox 299 722 473 755; x_wconf 79' lang='lat' dir='ltr'>commissis</span> 
     </span>
     <span class='ocr_line' id='line_1_14' title="bbox 257 768 606 807; baseline 0.003 -9"><span class='ocrx_word' id='word_1_28' title='bbox 257 768 380 800; x_wconf 80' lang='lat' dir='ltr'>tristem</span> <span class='ocrx_word' id='word_1_29' title='bbox 407 768 606 807; x_wconf 77' lang='lat' dir='ltr'>excessibu33</span> 
     </span>
     <span class='ocr_line' id='line_1_15' title="bbox 137 814 677 854; baseline 0.002 -8"><span class='ocrx_word' id='word_1_30' title='bbox 137 814 175 847; x_wconf 82' lang='lat' dir='ltr'>V.</span> <span class='ocrx_word' id='word_1_31' title='bbox 209 814 340 847; x_wconf 88' lang='lat' dir='ltr'>Demum</span> <span class='ocrx_word' id='word_1_32' title='bbox 368 815 495 854; x_wconf 77' lang='lat' dir='ltr'>quidam</span> <span class='ocrx_word' id='word_1_33' title='bbox 520 815 677 847; x_wconf 81' lang='lat' dir='ltr'>antistites</span> 
     </span>
     <span class='ocr_line' id='line_1_16' title="bbox 209 862 696 902; baseline 0.002 -9"><span class='ocrx_word' id='word_1_34' title='bbox 209 862 262 893; x_wconf 86' lang='lat' dir='ltr'>Ad</span> <span class='ocrx_word' id='word_1_35' title='bbox 287 862 478 902; x_wconf 84' lang='lat' dir='ltr'>loquendum</span> <span class='ocrx_word' id='word_1_36' title='bbox 505 862 696 900; x_wconf 82' lang='lat' dir='ltr'>praecipites</span> 
     </span>
     <span class='ocr_line' id='line_1_17' title="bbox 204 908 591 940; baseline 0 -1"><span class='ocrx_word' id='word_1_37' title='bbox 204 908 317 940; x_wconf 85' lang='lat' dir='ltr'>Videri</span> <span class='ocrx_word' id='word_1_38' title='bbox 341 909 450 940; x_wconf 87' lang='lat' dir='ltr'>volunt</span> <span class='ocrx_word' id='word_1_39' title='bbox 477 908 591 940; x_wconf 83' lang='lat' dir='ltr'>divites</span> 
     </span>
     <span class='ocr_line' id='line_1_18' title="bbox 255 954 462 989; baseline 0.01 -2"><span class='ocrx_word' id='word_1_40' title='bbox 255 954 462 989; x_wconf 79' lang='lat' dir='ltr'>ConsolandO.</span> 
     </span>
    </p>
   </div>
   <div class='ocr_carea' id='block_1_5' title="bbox 133 1011 634 1561">
    <p class='ocr_par' dir='ltr' id='par_1_6' title="bbox 145 1011 457 1043">
     <span class='ocr_line' id='line_1_19' title="bbox 145 1011 457 1043; baseline -0.003 0"><span class='ocrx_word' id='word_1_41' title='bbox 145 1013 177 1043; x_wconf 85' lang='lat'>2.</span> <span class='ocrx_word' id='word_1_42' title='bbox 202 1011 320 1043; x_wconf 81' lang='lat' dir='ltr'>Decem</span> <span class='ocrx_word' id='word_1_43' title='bbox 346 1011 457 1043; x_wconf 78' lang='lat' dir='ltr'>missas</span> 
     </span>
    </p>

    <p class='ocr_par' dir='ltr' id='par_1_7' title="bbox 204 1059 634 1145">
     <span class='ocr_line' id='line_1_20' title="bbox 254 1059 634 1099; baseline -0.003 -9"><span class='ocrx_word' id='word_1_44' title='bbox 254 1059 381 1097; x_wconf 85' lang='lat' dir='ltr'>quidam</span> <span class='ocrx_word' id='word_1_45' title='bbox 407 1062 462 1090; x_wconf 78' lang='lat' dir='ltr'>aut</span> <span class='ocrx_word' id='word_1_46' title='bbox 487 1059 634 1099; x_wconf 83' lang='lat' dir='ltr'>ampliuS,</span> 
     </span>
     <span class='ocr_line' id='line_1_21' title="bbox 204 1105 399 1145; baseline 0 -9"><span class='ocrx_word' id='word_1_47' title='bbox 204 1106 262 1136; x_wconf 85' lang='lat' dir='ltr'>Vel</span> <span class='ocrx_word' id='word_1_48' title='bbox 288 1105 399 1145; x_wconf 76' lang='lat' dir='ltr'>viginti</span> 
     </span>
    </p>

    <p class='ocr_par' dir='ltr' id='par_1_8' title="bbox 204 1152 550 1240">
     <span class='ocr_line' id='line_1_22' title="bbox 253 1152 550 1193; baseline -0.003 -10"><span class='ocrx_word' id='word_1_49' title='bbox 253 1153 419 1193; x_wconf 81' lang='lat' dir='ltr'>loquentes</span> <span class='ocrx_word' id='word_1_50' title='bbox 444 1152 550 1191; x_wconf 86' lang='lat' dir='ltr'>ditius,</span> 
     </span>
     <span class='ocr_line' id='line_1_23' title="bbox 204 1199 425 1240; baseline -0.005 -8"><span class='ocrx_word' id='word_1_51' title='bbox 204 1200 267 1232; x_wconf 82' lang='lat' dir='ltr'>Seu</span> <span class='ocrx_word' id='word_1_52' title='bbox 292 1199 425 1240; x_wconf 80' lang='lat' dir='ltr'>triginta</span> 
     </span>
    </p>

    <p class='ocr_par' dir='ltr' id='par_1_9' title="bbox 204 1247 602 1325">
     <span class='ocr_line' id='line_1_24' title="bbox 251 1247 602 1285; baseline -0.003 -8"><span class='ocrx_word' id='word_1_53' title='bbox 251 1247 442 1285; x_wconf 82' lang='lat' dir='ltr'>promittunt</span> <span class='ocrx_word' id='word_1_54' title='bbox 465 1254 602 1285; x_wconf 82' lang='lat' dir='ltr'>propere</span> 
     </span>
     <span class='ocr_line' id='line_1_25' title="bbox 204 1293 431 1325; baseline 0 -1"><span class='ocrx_word' id='word_1_55' title='bbox 204 1294 265 1325; x_wconf 85' lang='lat' dir='ltr'>Pro</span> <span class='ocrx_word' id='word_1_56' title='bbox 291 1293 431 1325; x_wconf 84' lang='lat' dir='ltr'>sanando</span> 
     </span>
    </p>

    <p class='ocr_par' dir='ltr' id='par_1_10' title="bbox 249 1340 510 1380">
     <span class='ocr_line' id='line_1_26' title="bbox 249 1340 510 1380; baseline 0 -9"><span class='ocrx_word' id='word_1_57' title='bbox 249 1341 336 1372; x_wconf 80' lang='lat' dir='ltr'>letali</span> <span class='ocrx_word' id='word_1_58' title='bbox 365 1340 510 1380; x_wconf 82' lang='lat' dir='ltr'>vulnere;</span> 
     </span>
    </p>

    <p class='ocr_par' dir='ltr' id='par_1_11' title="bbox 133 1387 629 1520">
     <span class='ocr_line' id='line_1_27' title="bbox 133 1387 629 1423; baseline -0.004 -4"><span class='ocrx_word' id='word_1_59' title='bbox 133 1387 171 1419; x_wconf 83' lang='lat' dir='ltr'>V.</span> <span class='ocrx_word' id='word_1_60' title='bbox 202 1387 334 1419; x_wconf 77' lang='lat' dir='ltr'>Praesul</span> <span class='ocrx_word' id='word_1_61' title='bbox 359 1391 467 1418; x_wconf 88' lang='lat' dir='ltr'>noster</span> <span class='ocrx_word' id='word_1_62' title='bbox 491 1387 629 1423; x_wconf 70' lang='lat' dir='ltr'>inclitus,</span> 
     </span>
     <span class='ocr_line' id='line_1_28' title="bbox 203 1434 550 1472; baseline -0.006 -6"><span class='ocrx_word' id='word_1_63' title='bbox 203 1434 342 1466; x_wconf 90' lang='lat' dir='ltr'>Humilis</span> <span class='ocrx_word' id='word_1_64' title='bbox 369 1437 400 1464; x_wconf 81' lang='lat' dir='ltr'>et</span> <span class='ocrx_word' id='word_1_65' title='bbox 424 1435 550 1472; x_wconf 86' lang='lat' dir='ltr'>tacitus,</span> 
     </span>
     <span class='ocr_line' id='line_1_29' title="bbox 202 1481 550 1520; baseline -0.003 -7"><span class='ocrx_word' id='word_1_66' title='bbox 202 1481 292 1513; x_wconf 85' lang='lat' dir='ltr'>Nihil</span> <span class='ocrx_word' id='word_1_67' title='bbox 318 1484 366 1512; x_wconf 83' lang='lat' dir='ltr'>est</span> <span class='ocrx_word' id='word_1_68' title='bbox 390 1481 550 1520; x_wconf 84' lang='lat' dir='ltr'>pollicitus</span> 
     </span>
    </p>

    <p class='ocr_par' dir='ltr' id='par_1_12' title="bbox 248 1527 400 1561">
     <span class='ocr_line' id='line_1_30' title="bbox 248 1527 400 1561; baseline -0.02 0"><span class='ocrx_word' id='word_1_69' title='bbox 248 1529 312 1561; x_wconf 85' lang='lat' dir='ltr'>Sed</span> <span class='ocrx_word' id='word_1_70' title='bbox 335 1527 400 1559; x_wconf 86' lang='lat' dir='ltr'>alii.</span> 
     </span>
    </p>
   </div>
   <div class='ocr_carea' id='block_1_6' title="bbox 128 1584 673 2102">
    <p class='ocr_par' dir='ltr' id='par_1_13' title="bbox 142 1584 624 1861">
     <span class='ocr_line' id='line_1_31' title="bbox 142 1584 545 1619; baseline -0.012 0"><span class='ocrx_word' id='word_1_71' title='bbox 142 1587 173 1619; x_wconf 85' lang='lat'>3.</span> <span class='ocrx_word' id='word_1_72' title='bbox 199 1585 270 1617; x_wconf 84' lang='lat' dir='ltr'>Non</span> <span class='ocrx_word' id='word_1_73' title='bbox 296 1584 409 1617; x_wconf 74' lang='lat' dir='ltr'>latebit</span> <span class='ocrx_word' id='word_1_74' title='bbox 433 1584 545 1616; x_wconf 79' lang='lat' dir='ltr'>civitas</span> 
     </span>
     <span class='ocr_line' id='line_1_32' title="bbox 201 1632 596 1671; baseline -0.01 -5"><span class='ocrx_word' id='word_1_75' title='bbox 201 1632 306 1671; x_wconf 79' lang='lat' dir='ltr'>Supra</span> <span class='ocrx_word' id='word_1_76' title='bbox 331 1633 467 1663; x_wconf 86' lang='lat' dir='ltr'>montem</span> <span class='ocrx_word' id='word_1_77' title='bbox 491 1632 596 1669; x_wconf 87' lang='lat' dir='ltr'>posita</span> 
     </span>
     <span class='ocr_line' id='line_1_33' title="bbox 200 1678 588 1718; baseline -0.008 -7"><span class='ocrx_word' id='word_1_78' title='bbox 200 1680 313 1718; x_wconf 82' lang='lat' dir='ltr'>Neque</span> <span class='ocrx_word' id='word_1_79' title='bbox 336 1678 413 1710; x_wconf 87' lang='lat' dir='ltr'>iusti</span> <span class='ocrx_word' id='word_1_80' title='bbox 437 1678 588 1710; x_wconf 80' lang='lat' dir='ltr'>sanctitas</span> 
     </span>
     <span class='ocr_line' id='line_1_34' title="bbox 197 1724 583 1764; baseline -0.005 -6"><span class='ocrx_word' id='word_1_81' title='bbox 197 1726 360 1758; x_wconf 84' lang='lat' dir='ltr'>Hactenus</span> <span class='ocrx_word' id='word_1_82' title='bbox 381 1724 583 1764; x_wconf 83' lang='lat' dir='ltr'>abscondita3</span> 
     </span>
     <span class='ocr_line' id='line_1_35' title="bbox 199 1773 601 1813; baseline -0.007 -7"><span class='ocrx_word' id='word_1_83' title='bbox 199 1774 269 1806; x_wconf 84' lang='lat' dir='ltr'>Rex</span> <span class='ocrx_word' id='word_1_84' title='bbox 293 1773 427 1813; x_wconf 73' lang='lat' dir='ltr'>inquirit</span> <span class='ocrx_word' id='word_1_85' title='bbox 452 1773 601 1811; x_wconf 84' lang='lat' dir='ltr'>Karqus,</span> 
     </span>
     <span class='ocr_line' id='line_1_36' title="bbox 200 1820 624 1861; baseline -0.005 -9"><span class='ocrx_word' id='word_1_86' title='bbox 200 1822 281 1861; x_wconf 81' lang='lat' dir='ltr'>Quot</span> <span class='ocrx_word' id='word_1_87' title='bbox 304 1821 419 1852; x_wconf 85' lang='lat' dir='ltr'>missas</span> <span class='ocrx_word' id='word_1_88' title='bbox 442 1820 624 1851; x_wconf 86' lang='lat' dir='ltr'>Theodolus</span> 
     </span>
    </p>

    <p class='ocr_par' dir='ltr' id='par_1_14' title="bbox 248 1867 567 1900">
     <span class='ocr_line' id='line_1_37' title="bbox 248 1867 567 1900; baseline 0 0"><span class='ocrx_word' id='word_1_89' title='bbox 248 1867 417 1900; x_wconf 76' lang='lat' dir='ltr'>Celebrate</span> <span class='ocrx_word' id='word_1_90' title='bbox 443 1867 567 1900; x_wconf 80' lang='lat' dir='ltr'>debeat.</span> 
     </span>
    </p>

    <p class='ocr_par' dir='ltr' id='par_1_15' title="bbox 128 1915 623 2050">
     <span class='ocr_line' id='line_1_38' title="bbox 128 1915 599 1954; baseline -0.006 -6"><span class='ocrx_word' id='word_1_91' title='bbox 128 1916 165 1949; x_wconf 82' lang='lat' dir='ltr'>V.</span> <span class='ocrx_word' id='word_1_92' title='bbox 198 1916 325 1950; x_wconf 88' lang='lat' dir='ltr'>Crimen</span> <span class='ocrx_word' id='word_1_93' title='bbox 350 1915 454 1947; x_wconf 79' lang='lat' dir='ltr'>inanis</span> <span class='ocrx_word' id='word_1_94' title='bbox 479 1915 599 1954; x_wconf 83' lang='lat' dir='ltr'>gloriae</span> 
     </span>
     <span class='ocr_line' id='line_1_39' title="bbox 196 1962 605 1996; baseline -0.007 0"><span class='ocrx_word' id='word_1_95' title='bbox 196 1963 352 1996; x_wconf 85' lang='lat' dir='ltr'>Devitans</span> <span class='ocrx_word' id='word_1_96' title='bbox 379 1965 411 1994; x_wconf 80' lang='lat' dir='ltr'>et</span> <span class='ocrx_word' id='word_1_97' title='bbox 433 1962 605 1994; x_wconf 80' lang='lat' dir='ltr'>iactantiae</span> 
     </span>
     <span class='ocr_line' id='line_1_40' title="bbox 197 2010 623 2050; baseline -0.007 -7"><span class='ocrx_word' id='word_1_98' title='bbox 197 2011 287 2044; x_wconf 77' lang='lat' dir='ltr'>Nutu</span> <span class='ocrx_word' id='word_1_99' title='bbox 312 2010 459 2042; x_wconf 83' lang='lat' dir='ltr'>caelestis</span> <span class='ocrx_word' id='word_1_100' title='bbox 484 2011 623 2050; x_wconf 78' lang='lat' dir='ltr'>gratiae:</span> 
     </span>
    </p>

    <p class='ocr_par' dir='ltr' id='par_1_16' title="bbox 244 2056 673 2102">
     <span class='ocr_line' id='line_1_41' title="bbox 244 2056 673 2102; baseline 0 -12"><span class='ocrx_word' id='word_1_101' title='bbox 244 2058 362 2100; x_wconf 78' lang='lat' dir='ltr'>Solam,</span> <span class='ocrx_word' id='word_1_102' title='bbox 387 2057 502 2098; x_wconf 75' lang='lat' dir='ltr'>inquit,</span> <span class='ocrx_word' id='word_1_103' title='bbox 530 2056 673 2102; x_wconf 29' lang='lat' dir='ltr'>can-tabor</span> 
     </span>
    </p>
   </div>
   <div class='ocr_carea' id='block_1_7' title="bbox 254 2152 615 2186">
    <p class='ocr_par' dir='ltr' id='par_1_17' title="bbox 254 2152 615 2186">
     <span class='ocr_line' id='line_1_42' title="bbox 254 2152 615 2186; baseline -0.006 -1"><span class='ocrx_word' id='word_1_104' title='bbox 254 2153 301 2185; x_wconf 89' lang='lat' dir='ltr'>In</span> <span class='ocrx_word' id='word_1_105' title='bbox 328 2154 359 2186; x_wconf 87' lang='lat'>3.</span> <span class='ocrx_word' id='word_1_106' title='bbox 385 2152 615 2185; x_wconf 76' lang='lat' dir='ltr'>Nooturno.</span> 
     </span>
    </p>
   </div>
   <div class='ocr_carea' id='block_1_8' title="bbox 341 2227 535 2263">
    <p class='ocr_par' dir='ltr' id='par_1_18' title="bbox 341 2227 535 2263">
     <span class='ocr_line' id='line_1_43' title="bbox 341 2227 535 2263; baseline -0.005 -9"><span class='ocrx_word' id='word_1_107' title='bbox 341 2227 535 2263; x_wconf 75' lang='lat' dir='ltr'>Antiphonae.</span> 
     </span>
    </p>
   </div>
   <div class='ocr_carea' id='block_1_9' title="bbox 135 2284 680 2374">
    <p class='ocr_par' dir='ltr' id='par_1_19' title="bbox 135 2284 680 2374">
     <span class='ocr_line' id='line_1_44' title="bbox 135 2284 680 2328; baseline -0.006 -9"><span class='ocrx_word' id='word_1_108' title='bbox 135 2286 165 2319; x_wconf 91' lang='lat'>1.</span> <span class='ocrx_word' id='word_1_109' title='bbox 198 2285 269 2317; x_wconf 89' lang='lat' dir='ltr'>Hoc</span> <span class='ocrx_word' id='word_1_110' title='bbox 294 2284 403 2317; x_wconf 81' lang='lat' dir='ltr'>audito</span> <span class='ocrx_word' id='word_1_111' title='bbox 430 2285 680 2328; x_wconf 78' lang='lat' dir='ltr'>circumstantes,</span> 
     </span>
     <span class='ocr_line' id='line_1_45' title="bbox 195 2332 675 2374; baseline -0.002 -10"><span class='ocrx_word' id='word_1_112' title='bbox 195 2332 245 2365; x_wconf 89' lang='lat' dir='ltr'>De</span> <span class='ocrx_word' id='word_1_113' title='bbox 270 2341 304 2364; x_wconf 87' lang='lat' dir='ltr'>se</span> <span class='ocrx_word' id='word_1_114' title='bbox 328 2341 444 2372; x_wconf 73' lang='lat' dir='ltr'>magna</span> <span class='ocrx_word' id='word_1_115' title='bbox 466 2332 675 2374; x_wconf 82' lang='lat' dir='ltr'>suspicantes,</span> 
     </span>
    </p>
   </div>
   <div class='ocr_carea' id='block_1_10' title="bbox 891 170 1321 257">
    <p class='ocr_par' dir='ltr' id='par_1_20' title="bbox 891 170 1321 257">
     <span class='ocr_line' id='line_1_46' title="bbox 891 170 1321 210; baseline -0.002 -7"><span class='ocrx_word' id='word_1_116' title='bbox 891 170 1021 203; x_wconf 78' lang='lat' dir='ltr'>Habent.</span> <span class='ocrx_word' id='word_1_117' title='bbox 1045 170 1133 210; x_wconf 83' lang='lat' dir='ltr'>quasi</span> <span class='ocrx_word' id='word_1_118' title='bbox 1160 171 1321 210; x_wconf 82' lang='lat' dir='ltr'>despectui</span> 
     </span>
     <span class='ocr_line' id='line_1_47' title="bbox 891 217 1241 257; baseline 0.003 -8"><span class='ocrx_word' id='word_1_119' title='bbox 891 217 976 250; x_wconf 91' lang='lat' dir='ltr'>Doni</span> <span class='ocrx_word' id='word_1_120' title='bbox 1002 217 1103 249; x_wconf 87' lang='lat' dir='ltr'>virum</span> <span class='ocrx_word' id='word_1_121' title='bbox 1128 218 1241 257; x_wconf 74' lang='lat' dir='ltr'>exigui.</span> 
     </span>
    </p>
   </div>
   <div class='ocr_carea' id='block_1_11' title="bbox 857 292 1246 332">
    <p class='ocr_par' dir='ltr' id='par_1_21' title="bbox 857 292 1246 332">
     <span class='ocr_line' id='line_1_48' title="bbox 857 292 1246 332; baseline -0.003 -7"><span class='ocrx_word' id='word_1_122' title='bbox 857 318 863 324; x_wconf 96' lang='lat'>.</span> <span class='ocrx_word' id='word_1_123' title='bbox 893 294 1088 332; x_wconf 84' lang='lat' dir='ltr'>Arrogantes</span> <span class='ocrx_word' id='word_1_124' title='bbox 1115 294 1145 322; x_wconf 89' lang='lat' dir='ltr'>et</span> <span class='ocrx_word' id='word_1_125' title='bbox 1171 292 1246 324; x_wconf 79' lang='lat' dir='ltr'>elati</span> 
     </span>
    </p>
   </div>
   <div class='ocr_carea' id='block_1_12' title="bbox 889 339 1333 471">
    <p class='ocr_par' dir='ltr' id='par_1_22' title="bbox 889 339 1333 471">
     <span class='ocr_line' id='line_1_49' title="bbox 892 339 1305 379; baseline -0.005 -7"><span class='ocrx_word' id='word_1_126' title='bbox 892 339 1004 372; x_wconf 84' lang='lat' dir='ltr'>Coram</span> <span class='ocrx_word' id='word_1_127' title='bbox 1025 347 1100 379; x_wconf 80' lang='lat' dir='ltr'>rege</span> <span class='ocrx_word' id='word_1_128' title='bbox 1124 340 1305 379; x_wconf 80' lang='lat' dir='ltr'>congregati</span> 
     </span>
     <span class='ocr_line' id='line_1_50' title="bbox 890 386 1333 426; baseline -0.002 -8"><span class='ocrx_word' id='word_1_129' title='bbox 890 386 1028 426; x_wconf 81' lang='lat' dir='ltr'>Propter</span> <span class='ocrx_word' id='word_1_130' title='bbox 1051 395 1162 417; x_wconf 85' lang='lat' dir='ltr'>munus</span> <span class='ocrx_word' id='word_1_131' title='bbox 1188 386 1333 425; x_wconf 80' lang='lat' dir='ltr'>exiguum</span> 
     </span>
     <span class='ocr_line' id='line_1_51' title="bbox 889 432 1330 471; baseline 0 -7"><span class='ocrx_word' id='word_1_132' title='bbox 889 432 1131 471; x_wconf 79' lang='lat' dir='ltr'>Parvipendunt</span> <span class='ocrx_word' id='word_1_133' title='bbox 1155 433 1330 464; x_wconf 88' lang='lat' dir='ltr'>innocuum.</span> 
     </span>
    </p>
   </div>
   <div class='ocr_carea' id='block_1_13' title="bbox 855 507 1199 547">
    <p class='ocr_par' dir='ltr' id='par_1_23' title="bbox 855 507 1199 547">
     <span class='ocr_line' id='line_1_52' title="bbox 855 507 1199 547; baseline -0.006 -6"><span class='ocrx_word' id='word_1_134' title='bbox 855 534 861 541; x_wconf 96' lang='lat'>.</span> <span class='ocrx_word' id='word_1_135' title='bbox 887 507 1066 546; x_wconf 82' lang='lat' dir='ltr'>Reputatur</span> <span class='ocrx_word' id='word_1_136' title='bbox 1089 507 1199 547; x_wconf 81' lang='lat' dir='ltr'>idiota,</span> 
     </span>
    </p>
   </div>
   <div class='ocr_carea' id='block_1_14' title="bbox 889 553 1339 688">
    <p class='ocr_par' dir='ltr' id='par_1_24' title="bbox 889 553 1339 688">
     <span class='ocr_line' id='line_1_53' title="bbox 890 553 1339 592; baseline -0.002 -5"><span class='ocrx_word' id='word_1_137' title='bbox 890 553 984 587; x_wconf 90' lang='lat' dir='ltr'>Cuius</span> <span class='ocrx_word' id='word_1_138' title='bbox 1009 553 1076 586; x_wconf 88' lang='lat' dir='ltr'>Deo</span> <span class='ocrx_word' id='word_1_139' title='bbox 1101 562 1189 585; x_wconf 87' lang='lat' dir='ltr'>mens</span> <span class='ocrx_word' id='word_1_140' title='bbox 1216 555 1339 592; x_wconf 84' lang='lat' dir='ltr'>devota,</span> 
     </span>
     <span class='ocr_line' id='line_1_54' title="bbox 890 601 1293 641; baseline -0.005 -8"><span class='ocrx_word' id='word_1_141' title='bbox 890 601 980 641; x_wconf 74' lang='lat' dir='ltr'>Quod</span> <span class='ocrx_word' id='word_1_142' title='bbox 1006 601 1149 633; x_wconf 88' lang='lat' dir='ltr'>obtinere</span> <span class='ocrx_word' id='word_1_143' title='bbox 1171 601 1293 641; x_wconf 82' lang='lat' dir='ltr'>nititur,</span> 
     </span>
     <span class='ocr_line' id='line_1_55' title="bbox 889 647 1269 688; baseline 0.005 -9"><span class='ocrx_word' id='word_1_144' title='bbox 889 647 1035 680; x_wconf 80' lang='lat' dir='ltr'>Indelate</span> <span class='ocrx_word' id='word_1_145' title='bbox 1060 648 1269 688; x_wconf 81' lang='lat' dir='ltr'>consequitur.</span> 
     </span>
    </p>
   </div>
   <div class='ocr_carea' id='block_1_15' title="bbox 1022 742 1227 775">
    <p class='ocr_par' dir='ltr' id='par_1_25' title="bbox 1022 742 1227 775">
     <span class='ocr_line' id='line_1_56' title="bbox 1022 742 1227 775; baseline -0.005 -7"><span class='ocrx_word' id='word_1_146' title='bbox 1022 742 1227 775; x_wconf 76' lang='lat' dir='ltr'>Responsoria.</span> 
     </span>
    </p>
   </div>
   <div class='ocr_carea' id='block_1_16' title="bbox 857 816 1104 855">
    <p class='ocr_par' dir='ltr' id='par_1_26' title="bbox 857 816 1104 855">
     <span class='ocr_line' id='line_1_57' title="bbox 857 816 1104 855; baseline 0 -8"><span class='ocrx_word' id='word_1_147' title='bbox 857 839 863 847; x_wconf 97' lang='lat'>.</span> <span class='ocrx_word' id='word_1_148' title='bbox 890 816 1104 855; x_wconf 84' lang='lat' dir='ltr'>Prosperante</span> 
     </span>
    </p>
   </div>
   <div class='ocr_carea' id='block_1_17' title="bbox 888 862 1333 1185">
    <p class='ocr_par' dir='ltr' id='par_1_27' title="bbox 890 862 1189 940">
     <span class='ocr_line' id='line_1_58' title="bbox 936 862 1189 894; baseline 0.008 -2"><span class='ocrx_word' id='word_1_149' title='bbox 936 862 997 893; x_wconf 87' lang='lat' dir='ltr'>Dei</span> <span class='ocrx_word' id='word_1_150' title='bbox 1022 863 1189 894; x_wconf 79' lang='lat' dir='ltr'>clementia</span> 
     </span>
     <span class='ocr_line' id='line_1_59' title="bbox 890 907 1116 940; baseline -0.004 -1"><span class='ocrx_word' id='word_1_151' title='bbox 890 907 972 940; x_wconf 78' lang='lat' dir='ltr'>Sunt:</span> <span class='ocrx_word' id='word_1_152' title='bbox 995 909 1116 940; x_wconf 84' lang='lat' dir='ltr'>reversi</span> 
     </span>
    </p>

    <p class='ocr_par' dir='ltr' id='par_1_28' title="bbox 888 955 1268 1041">
     <span class='ocr_line' id='line_1_60' title="bbox 936 955 1268 994; baseline -0.003 -8"><span class='ocrx_word' id='word_1_153' title='bbox 936 957 1043 993; x_wconf 86' lang='lat' dir='ltr'>patres</span> <span class='ocrx_word' id='word_1_154' title='bbox 1068 955 1110 986; x_wconf 83' lang='lat' dir='ltr'>ad</span> <span class='ocrx_word' id='word_1_155' title='bbox 1136 955 1268 994; x_wconf 80' lang='lat' dir='ltr'>propria</span> 
     </span>
     <span class='ocr_line' id='line_1_61' title="bbox 888 1001 1123 1041; baseline -0.009 -7"><span class='ocrx_word' id='word_1_156' title='bbox 888 1001 1123 1041; x_wconf 84' lang='lat' dir='ltr'>Missarumque</span> 
     </span>
    </p>

    <p class='ocr_par' dir='ltr' id='par_1_29' title="bbox 888 1047 1234 1134">
     <span class='ocr_line' id='line_1_62' title="bbox 940 1047 1234 1080; baseline 0 -1"><span class='ocrx_word' id='word_1_157' title='bbox 940 1048 1103 1080; x_wconf 85' lang='lat' dir='ltr'>constricti</span> <span class='ocrx_word' id='word_1_158' title='bbox 1128 1047 1234 1079; x_wconf 85' lang='lat' dir='ltr'>debito</span> 
     </span>
     <span class='ocr_line' id='line_1_63' title="bbox 888 1094 1117 1134; baseline 0.004 -8"><span class='ocrx_word' id='word_1_159' title='bbox 888 1094 1003 1127; x_wconf 77' lang='lat' dir='ltr'>Iubent</span> <span class='ocrx_word' id='word_1_160' title='bbox 1025 1095 1117 1134; x_wconf 76' lang='lat' dir='ltr'>solvi,</span> 
     </span>
    </p>

    <p class='ocr_par' dir='ltr' id='par_1_30' title="bbox 935 1142 1333 1185">
     <span class='ocr_line' id='line_1_64' title="bbox 935 1142 1333 1185; baseline 0 -12"><span class='ocrx_word' id='word_1_161' title='bbox 935 1142 1018 1181; x_wconf 84' lang='lat' dir='ltr'>quod</span> <span class='ocrx_word' id='word_1_162' title='bbox 1045 1142 1169 1185; x_wconf 79' lang='lat' dir='ltr'>debent,</span> <span class='ocrx_word' id='word_1_163' title='bbox 1197 1142 1333 1179; x_wconf 86' lang='lat' dir='ltr'>subdito,</span> 
     </span>
    </p>
   </div>
   <div class='ocr_carea' id='block_1_18' title="bbox 850 1187 1359 1231">
    <p class='ocr_par' dir='ltr' id='par_1_31' title="bbox 850 1187 1359 1231">
     <span class='ocr_line' id='line_1_65' title="bbox 850 1187 1359 1231; baseline -0.004 -10"><span class='ocrx_word' id='word_1_164' title='bbox 850 1215 855 1221; x_wconf 97' lang='lat'>.</span> <span class='ocrx_word' id='word_1_165' title='bbox 888 1187 922 1221; x_wconf 85' lang='lat' dir='ltr'>Si</span> <span class='ocrx_word' id='word_1_166' title='bbox 947 1189 1015 1228; x_wconf 89' lang='lat' dir='ltr'>quis</span> <span class='ocrx_word' id='word_1_167' title='bbox 1042 1188 1126 1220; x_wconf 85' lang='lat' dir='ltr'>forte</span> <span class='ocrx_word' id='word_1_168' title='bbox 1150 1189 1359 1231; x_wconf 74' lang='lat' dir='ltr'>sacerdotum,</span> 
     </span>
    </p>
   </div>
   <div class='ocr_carea' id='block_1_19' title="bbox 888 1235 1441 1364">
    <p class='ocr_par' dir='ltr' id='par_1_32' title="bbox 888 1235 1441 1364">
     <span class='ocr_line' id='line_1_66' title="bbox 888 1235 1441 1276; baseline 0.002 -10"><span class='ocrx_word' id='word_1_169' title='bbox 888 1235 976 1274; x_wconf 78' lang='lat' dir='ltr'>Quod</span> <span class='ocrx_word' id='word_1_170' title='bbox 995 1245 1057 1268; x_wconf 91' lang='lat' dir='ltr'>non</span> <span class='ocrx_word' id='word_1_171' title='bbox 1075 1238 1145 1268; x_wconf 71' lang='lat' dir='ltr'>erat,</span> <span class='ocrx_word' id='word_1_172' title='bbox 1162 1236 1304 1275; x_wconf 74' lang='lat' dir='ltr'>cuiquam</span> <span class='ocrx_word' id='word_1_173' title='bbox 1321 1240 1441 1276; x_wconf 83' lang='lat' dir='ltr'>notum,</span> 
     </span>
     <span class='ocr_line' id='line_1_67' title="bbox 888 1281 1371 1322; baseline -0.002 -9"><span class='ocrx_word' id='word_1_174' title='bbox 888 1281 1007 1322; x_wconf 84' lang='lat' dir='ltr'>Regem</span> <span class='ocrx_word' id='word_1_175' title='bbox 1032 1282 1133 1314; x_wconf 81' lang='lat' dir='ltr'>ferret</span> <span class='ocrx_word' id='word_1_176' title='bbox 1156 1283 1197 1315; x_wconf 84' lang='lat' dir='ltr'>ad</span> <span class='ocrx_word' id='word_1_177' title='bbox 1224 1283 1371 1316; x_wconf 80' lang='lat' dir='ltr'>devotum</span> 
     </span>
     <span class='ocr_line' id='line_1_68' title="bbox 935 1329 1278 1364; baseline 0.009 -3"><span class='ocrx_word' id='word_1_178' title='bbox 935 1329 1110 1362; x_wconf 80' lang='lat' dir='ltr'>Revelante</span> <span class='ocrx_word' id='word_1_179' title='bbox 1134 1329 1278 1364; x_wconf 89' lang='lat' dir='ltr'>Domino.</span> 
     </span>
    </p>
   </div>
   <div class='ocr_carea' id='block_1_20' title="bbox 852 1403 1086 1437">
    <p class='ocr_par' dir='ltr' id='par_1_33' title="bbox 852 1403 1086 1437">
     <span class='ocr_line' id='line_1_69' title="bbox 852 1403 1086 1437; baseline -0.004 -1"><span class='ocrx_word' id='word_1_180' title='bbox 852 1430 858 1436; x_wconf 93' lang='lat'>.</span> <span class='ocrx_word' id='word_1_181' title='bbox 888 1404 975 1437; x_wconf 90' lang='lat' dir='ltr'>Unus</span> <span class='ocrx_word' id='word_1_182' title='bbox 1001 1403 1086 1436; x_wconf 90' lang='lat' dir='ltr'>Deus</span> 
     </span>
    </p>
   </div>
   <div class='ocr_carea' id='block_1_21' title="bbox 885 1451 1265 1775">
    <p class='ocr_par' dir='ltr' id='par_1_34' title="bbox 887 1451 1265 1537">
     <span class='ocr_line' id='line_1_70' title="bbox 936 1451 1265 1492; baseline 0 -10"><span class='ocrx_word' id='word_1_183' title='bbox 936 1454 968 1482; x_wconf 78' lang='lat' dir='ltr'>et,</span> <span class='ocrx_word' id='word_1_184' title='bbox 991 1451 1126 1491; x_wconf 86' lang='lat' dir='ltr'>simplex</span> <span class='ocrx_word' id='word_1_185' title='bbox 1150 1452 1265 1492; x_wconf 79' lang='lat' dir='ltr'>unitas,</span> 
     </span>
     <span class='ocr_line' id='line_1_71' title="bbox 887 1498 1193 1537; baseline 0.003 -8"><span class='ocrx_word' id='word_1_186' title='bbox 887 1498 977 1537; x_wconf 79' lang='lat' dir='ltr'>Quod</span> <span class='ocrx_word' id='word_1_187' title='bbox 1002 1507 1061 1537; x_wconf 88' lang='lat' dir='ltr'>per</span> <span class='ocrx_word' id='word_1_188' title='bbox 1084 1502 1193 1537; x_wconf 86' lang='lat' dir='ltr'>partes</span> 
     </span>
    </p>

    <p class='ocr_par' dir='ltr' id='par_1_35' title="bbox 885 1546 1231 1636">
     <span class='ocr_line' id='line_1_72' title="bbox 933 1546 1231 1585; baseline 0 -9"><span class='ocrx_word' id='word_1_189' title='bbox 933 1546 1041 1585; x_wconf 88' lang='lat' dir='ltr'>nequit</span> <span class='ocrx_word' id='word_1_190' title='bbox 1065 1546 1231 1584; x_wconf 78' lang='lat' dir='ltr'>pluralitas</span> 
     </span>
     <span class='ocr_line' id='line_1_73' title="bbox 885 1592 1045 1636; baseline -0.013 -11"><span class='ocrx_word' id='word_1_191' title='bbox 885 1592 1045 1636; x_wconf 83' lang='lat' dir='ltr'>Obtinere‚</span> 
     </span>
    </p>

    <p class='ocr_par' dir='ltr' id='par_1_36' title="bbox 885 1639 1228 1719">
     <span class='ocr_line' id='line_1_74' title="bbox 935 1639 1228 1681; baseline -0.007 -9"><span class='ocrx_word' id='word_1_192' title='bbox 935 1640 975 1672; x_wconf 90' lang='lat' dir='ltr'>de</span> <span class='ocrx_word' id='word_1_193' title='bbox 998 1640 1091 1681; x_wconf 84' lang='lat' dir='ltr'>lapsu</span> <span class='ocrx_word' id='word_1_194' title='bbox 1116 1639 1228 1671; x_wconf 82' lang='lat' dir='ltr'>Karoli</span> 
     </span>
     <span class='ocr_line' id='line_1_75' title="bbox 885 1685 1074 1719; baseline 0 -1"><span class='ocrx_word' id='word_1_195' title='bbox 885 1685 1074 1719; x_wconf 78' lang='lat' dir='ltr'>Manifestat</span> 
     </span>
    </p>

    <p class='ocr_par' dir='ltr' id='par_1_37' title="bbox 933 1733 1203 1775">
     <span class='ocr_line' id='line_1_76' title="bbox 933 1733 1203 1775; baseline -0.004 -10"><span class='ocrx_word' id='word_1_196' title='bbox 933 1737 1004 1766; x_wconf 93' lang='lat' dir='ltr'>voto</span> <span class='ocrx_word' id='word_1_197' title='bbox 1030 1733 1203 1775; x_wconf 81' lang='lat' dir='ltr'>T11e0d01i3</span> 
     </span>
    </p>
   </div>
   <div class='ocr_carea' id='block_1_22' title="bbox 845 1780 1331 1820">
    <p class='ocr_par' dir='ltr' id='par_1_38' title="bbox 845 1780 1331 1820">
     <span class='ocr_line' id='line_1_77' title="bbox 845 1780 1331 1820; baseline -0.002 -7"><span class='ocrx_word' id='word_1_198' title='bbox 845 1806 852 1813; x_wconf 92' lang='lat'>.</span> <span class='ocrx_word' id='word_1_199' title='bbox 884 1780 970 1813; x_wconf 82' lang='lat' dir='ltr'>Fusa</span> <span class='ocrx_word' id='word_1_200' title='bbox 995 1790 1090 1820; x_wconf 88' lang='lat' dir='ltr'>prece</span> <span class='ocrx_word' id='word_1_201' title='bbox 1116 1790 1175 1820; x_wconf 85' lang='lat' dir='ltr'>pro</span> <span class='ocrx_word' id='word_1_202' title='bbox 1200 1783 1331 1820; x_wconf 76' lang='lat' dir='ltr'>peccato</span> 
     </span>
    </p>
   </div>
   <div class='ocr_carea' id='block_1_23' title="bbox 882 1828 1338 1956">
    <p class='ocr_par' dir='ltr' id='par_1_39' title="bbox 882 1828 1338 1956">
     <span class='ocr_line' id='line_1_78' title="bbox 882 1828 1338 1867; baseline -0.004 -6"><span class='ocrx_word' id='word_1_203' title='bbox 882 1828 1017 1861; x_wconf 83' lang='lat' dir='ltr'>Praeter</span> <span class='ocrx_word' id='word_1_204' title='bbox 1041 1837 1130 1860; x_wconf 85' lang='lat' dir='ltr'>usum</span> <span class='ocrx_word' id='word_1_205' title='bbox 1153 1830 1338 1867; x_wconf 80' lang='lat' dir='ltr'>perpetrato</span> 
     </span>
     <span class='ocr_line' id='line_1_79' title="bbox 884 1875 1296 1916; baseline -0.005 -8"><span class='ocrx_word' id='word_1_206' title='bbox 884 1875 964 1916; x_wconf 85' lang='lat' dir='ltr'>Regi</span> <span class='ocrx_word' id='word_1_207' title='bbox 990 1877 1085 1908; x_wconf 86' lang='lat' dir='ltr'>valde</span> <span class='ocrx_word' id='word_1_208' title='bbox 1110 1875 1296 1907; x_wconf 77' lang='lat' dir='ltr'>conturbato</span> 
     </span>
     <span class='ocr_line' id='line_1_80' title="bbox 933 1923 1148 1956; baseline 0 -1"><span class='ocrx_word' id='word_1_209' title='bbox 933 1923 1148 1956; x_wconf 84' lang='lat' dir='ltr'>Condonatur.</span> 
     </span>
    </p>
   </div>
   <div class='ocr_carea' id='block_1_24' title="bbox 849 1998 1117 2031">
    <p class='ocr_par' dir='ltr' id='par_1_40' title="bbox 849 1998 1117 2031">
     <span class='ocr_line' id='line_1_81' title="bbox 849 1998 1117 2031; baseline -0.004 -1"><span class='ocrx_word' id='word_1_210' title='bbox 849 2023 856 2030; x_wconf 95' lang='lat'>.</span> <span class='ocrx_word' id='word_1_211' title='bbox 884 1998 945 2031; x_wconf 88' lang='lat' dir='ltr'>Per</span> <span class='ocrx_word' id='word_1_212' title='bbox 970 1998 1117 2031; x_wconf 88' lang='lat' dir='ltr'>virtutem</span> 
     </span>
    </p>
   </div>
   <div class='ocr_carea' id='block_1_25' title="bbox 882 2045 1289 2369">
    <p class='ocr_par' dir='ltr' id='par_1_41' title="bbox 882 2045 1221 2132">
     <span class='ocr_line' id='line_1_82' title="bbox 930 2045 1221 2085; baseline -0.007 -8"><span class='ocrx_word' id='word_1_213' title='bbox 930 2046 1060 2085; x_wconf 85' lang='lat' dir='ltr'>superni</span> <span class='ocrx_word' id='word_1_214' title='bbox 1083 2045 1221 2076; x_wconf 87' lang='lat' dir='ltr'>numinis</span> 
     </span>
     <span class='ocr_line' id='line_1_83' title="bbox 882 2092 1136 2132; baseline -0.008 -7"><span class='ocrx_word' id='word_1_215' title='bbox 882 2092 1016 2125; x_wconf 86' lang='lat' dir='ltr'>Modum</span> <span class='ocrx_word' id='word_1_216' title='bbox 1041 2093 1136 2132; x_wconf 87' lang='lat' dir='ltr'>plene</span> 
     </span>
    </p>

    <p class='ocr_par' dir='ltr' id='par_1_42' title="bbox 882 2138 1289 2228">
     <span class='ocr_line' id='line_1_84' title="bbox 932 2138 1289 2180; baseline -0.003 -9"><span class='ocrx_word' id='word_1_217' title='bbox 932 2148 1123 2180; x_wconf 83' lang='lat' dir='ltr'>cognoscens</span> <span class='ocrx_word' id='word_1_218' title='bbox 1150 2138 1289 2170; x_wconf 87' lang='lat' dir='ltr'>criminis</span> 
     </span>
     <span class='ocr_line' id='line_1_85' title="bbox 882 2186 1087 2228; baseline -0.005 -9"><span class='ocrx_word' id='word_1_219' title='bbox 882 2187 962 2228; x_wconf 81' lang='lat' dir='ltr'>Regi</span> <span class='ocrx_word' id='word_1_220' title='bbox 987 2186 1087 2219; x_wconf 79' lang='lat' dir='ltr'>refert</span> 
     </span>
    </p>

    <p class='ocr_par' dir='ltr' id='par_1_43' title="bbox 885 2233 1210 2316">
     <span class='ocr_line' id='line_1_86' title="bbox 929 2233 1210 2275; baseline -0.004 -9"><span class='ocrx_word' id='word_1_221' title='bbox 929 2234 1030 2275; x_wconf 91' lang='lat' dir='ltr'>ipsius</span> <span class='ocrx_word' id='word_1_222' title='bbox 1055 2233 1210 2275; x_wconf 90' lang='lat' dir='ltr'>ordinem,</span> 
     </span>
     <span class='ocr_line' id='line_1_87' title="bbox 885 2282 1032 2316; baseline -0.027 0"><span class='ocrx_word' id='word_1_223' title='bbox 885 2282 1032 2316; x_wconf 79' lang='lat' dir='ltr'>seriatim</span> 
     </span>
    </p>

    <p class='ocr_par' dir='ltr' id='par_1_44' title="bbox 931 2330 1265 2369">
     <span class='ocr_line' id='line_1_88' title="bbox 931 2330 1265 2369; baseline -0.006 -8"><span class='ocrx_word' id='word_1_224' title='bbox 931 2338 1066 2362; x_wconf 79' lang='lat' dir='ltr'>narrans</span> <span class='ocrx_word' id='word_1_225' title='bbox 1092 2330 1265 2369; x_wconf 82' lang='lat' dir='ltr'>origincm3</span> 
     </span>
    </p>
   </div>
  </div>
 </body>
</html>
