1655 2534
677 80 934 115 —217—

317 175 361 207 In
386 174 618 208 Laudibus.
909 177 957 208 Ac
982 179 1153 209 creatorem
1182 178 1321 209 omnium

370 248 565 284 Antiphonae.
954 224 1114 257 collaudat
1140 228 1295 256 creatura.

168 306 199 340 1.
226 306 430 338 Praecinotus
457 309 504 337 est
527 306 683 339 Dominus
1026 297 1072 325 Ad
1092 298 1274 326 Benedictus.

273 354 399 385 Virtute
423 353 564 393 pietatis,
834 354 874 387 A.
905 354 987 386 Solis
1013 362 1104 386 cursu
1130 358 1340 388 consummato

226 400 311 432 Dum
336 400 459 431 locatur
484 400 632 432 Didimus
909 400 1108 441 Corporeque
1131 403 1193 434 iam
1218 403 1315 435 allato

273 447 311 479 In
336 447 407 478 luce
433 447 599 481 claritatis.
953 449 984 479 A
1009 447 1103 480 turba
1131 448 1272 481 fidelium

168 506 199 537 2.
225 503 264 536 In
289 505 458 543 conspectu
481 504 582 545 ipsius
906 495 1026 526 Terrae
1049 504 1087 527 20
1110 496 1204 528 humo
1229 497 1389 537 mandam,

273 551 335 583 Est
360 551 471 591 dignus
495 551 639 591 introire,
905 541 1031 581 Manus,
1056 545 1156 586 pater,
1183 546 1216 574 ‘⁶0
1239 543 1344 596 ὒθξῑΐθν

228 598 301 630 Non
322 601 453 630 veretur
474 598 583 638 gravia
952 588 1097 629 TangenS
1122 591 1205 623 latus
1228 599 1357 630 reglum·

275 646 339 677 Pro
367 645 492 677 Christo
514 646 567 684 qui
592 645 708 677 subire.
1277 684 1283 690 ¹

171 703 202 735 3.
230 701 456 741 Congregando
481 702 620 733 triticum
976 682 1022 713 In
1048 684 1078 716 2·
1104 684 1321 724 vesperm-

274 749 328 780 Ad
351 751 393 788 te,
418 748 516 788 Deus,
543 749 654 788 sitivit,
1025 757 1071 784 Ad
1090 757 1267 794 Magnffiea‘c.

226 796 373 834 Adepms
399 799 446 826 θεῖ
470 797 582 853 mfffito
610 841 616 847 .
642 841 648 847 .
835 816 876 846 A.
909 814 1017 845 Omnis
1042 814 1144 846 luctus
1171 816 1326 856 expietur,

272 842 408 884 Donum>
435 842 519 881 qum}
546 844 674 882 GUPIVff·
906 861 944 892 In
974 862 1110 899 apostoli
1134 862 1270 893 laetetur

169 901 200 931 4-
229 899 324 930 Pater
349 900 443 937 atque
466 896 551 928 filius
627 944 633 949 Ι
673 944 678 949 Ι
906 906 1014 945 Quivis
1038 907 1131 949 festo,
1157 909 1210 947 qui
1234 908 1359 941 fovetur

277 944 348 977 Sint
372 952 497 983 semper
520 943 690 986 bened1ct1,
954 954 992 986 1„
1019 955 1099 985 caefi
1124 954 1264 997 d0110fi33

227 992 287 1031 Qui
313 1000 383 1023 cum
407 994 516 1023 sancto
542 990 657 1030 spiritu
908 1000 932 1032 0
958 1000 1061 1039 beate,
1088 1001 1141 1040 pie
1164 1002 1294 1041 Thoma,

275 1038 355 1070 Sunt
375 1047 472 1070 unum
498 1040 530 1069 et
553 1037 674 1071 invicti.
909 1048 1027 1079 Verum
1050 1047 1111 1079 Dei
1135 1048 1198 1080 jam
1224 1058 1340 1088 aroma,

169 1097 200 1129 5.
228 1096 286 1127 Pia
310 1097 402 1127 sonat
425 1094 529 1126 contio
909 1094 957 1125 Tu
984 1094 1151 1127 draconem
1178 1104 1306 1127 saevum
1332 1097 1434 1138 doma,

274 1151 351 1174 voce
374 1151 439 1173 non
463 1141 609 1183 obscura,
957 1142 1007 1173 Ne
1031 1142 1147 1174 subdat
1169 1151 1227 1174 nos
1251 1143 1348 1175 vitiis.

230 1209 315 1236 Brev.
334 1215 387 1234 ms.
408 1206 572 1234 Hermam-'ti
589 1205 753 1242 Morungen
773 1213 847 1232 saec.
870 1203 914 1232 15.
945 1205 1014 1233 Ood.
1037 1205 1105 1233 Cass
1113 1206 1195 1234 ellan.
1209 1207 1264 1234 Ms.
1278 1207 1379 1234 Theol.
1393 1207 1456 1234 Fol.

159 1244 221 1273 145.
241 1260 278 1264 —
304 1245 349 1273 1n
373 1242 397 1271 1.
418 1244 525 1278 Vesp.
547 1241 568 1269 Α
596 1241 627 1276 2,
648 1241 666 1271 3
692 1244 787 1270 earnis
812 1245 920 1270 mutua.
939 1257 976 1261 —-
996 1243 1041 1270 Ad
1061 1243 1159 1280 Mag-n.
1181 1242 1217 1277 Α,
1239 1243 1256 1271 5
1286 1253 1340 1272 eva
1365 1246 1457 1280 stygis

154 1292 200 1310 ne.
223 1300 258 1303 —
279 1284 319 1311 In
341 1281 366 1309 1.
388 1282 490 1309 Noet.
513 1279 535 1307 Α
559 1279 582 1314 1,
606 1279 620 1307 1
641 1280 707 1308 Seu.
731 1296 758 1300 —
787 1279 808 1306 Α
829 1278 855 1315 3,
877 1278 894 1308 3
913 1281 1051 1307 Mittitur.
1074 1297 1109 1300 —
1126 1281 1143 1307 R
1166 1279 1192 1315 3,
1213 1280 1230 1309 5
1251 1282 1407 1309 dexteram.
1422 1297 1459 1301 -

155 1318 176 1346 R
205 1318 236 1354 3,
258 1319 275 1348 6
302 1321 376 1348 Hac.
402 1334 434 1338 —
464 1319 505 1346 In
532 1316 558 1345 2.
583 1319 686 1346 Noct.
712 1317 734 1344 Α
755 1316 780 1353 3,
802 1316 820 1344 2
846 1318 901 1345 lies
928 1319 1067 1345 sanetur?
1087 1335 1126 1339 —-
1147 1319 1164 1345 R
1187 1318 1211 1353 1,
1233 1318 1251 1346 2
1271 1322 1338 1352 sari,
1359 1319 1400 1346 fit.
1422 1335 1457 1338 —

156 1357 175 1384 R
197 1357 222 1393 2,
244 1356 262 1386 3
275 1359 347 1385 Puri
367 1358 454 1393 regis.
468 1371 506 1375 —
527 1354 546 1382 R
568 1354 595 1389 2,
608 1354 626 1383 8
646 1364 785 1392 quaeque.
801 1371 836 1375 -—
853 1354 872 1381 Η
894 1354 920 1388 3,
934 1354 953 1382 4
968 1356 1116 1390 domator:
1137 1357 1211 1384 fehlt
1224 1358 1289 1384 eine
1303 1357 1385 1385 Silbe
1398 1358 1458 1384 und

155 1397 206 1424 der
220 1397 312 1424 Reim.
329 1411 363 1414 —
380 1393 400 1421 R
425 1392 451 1429 3,
472 1393 489 1421 5
512 1394 598 1421 undis
618 1393 711 1421 datur.
738 1408 764 1412 ——
792 1394 836 1421 In
855 1391 882 1420 3.
897 1393 998 1420 Noct.
1014 1392 1036 1419 Α
1057 1392 1082 1427 2,
1104 1393 1121 1421 3
1137 1394 1259 1422 Cursum
1272 1395 1323 1422 lux
1338 1395 1457 1422 saeculi.

152 1449 191 1453 —
213 1434 231 1460 Α
258 1431 289 1468 3,
312 1432 326 1461 1
350 1433 427 1460 claro
454 1447 485 1451 -
504 1430 523 1457 R
539 1429 564 1465 3,
580 1429 597 1458 2
617 1433 693 1459 sacri
713 1433 815 1459 sancti.
836 1445 873 1449 —-
895 1429 914 1456 Β
937 1429 963 1464 3,
984 1429 1002 1458 8
1022 1430 1167 1459 affirmant
1187 1433 1313 1468 apostoli
1332 1435 1396 1460 inte.
1423 1448 1456 1452 —

153 1472 195 1499 In
208 1471 318 1499 Laud.
339 1471 384 1498 Ad
404 1470 512 1498 Bened.
530 1468 561 1504 Α,
583 1467 600 1495 2
621 1476 679 1505 que
704 1469 785 1497 fehlt.
808 1483 839 1487 —
862 1469 935 1496 Ibid.
962 1467 982 1496 4
1008 1477 1069 1505 sqq.
1108 1471 1217 1498 Terrae
1242 1470 1378 1498 mandato
1403 1471 1459 1498 hac

152 1509 299 1537 humando
325 1517 428 1536 manus
457 1510 540 1543 pater
560 1507 596 1534 (le
615 1507 699 1535 beato
720 1510 843 1543 tangens
864 1506 942 1534 latus
962 1515 1071 1542 regum.

605 1599 652 1630 80.
687 1599 731 1630 De
751 1599 858 1629 saneto
880 1597 1002 1630 Thoma.

286 1672 303 1704 I
311 1682 331 1703 n
359 1672 390 1704 1.
416 1672 445 1704 V
454 1679 472 1702 e
482 1680 497 1702 s
505 1681 526 1712 p
539 1679 556 1702 e
566 1670 638 1703 ris,
846 1670 878 1703 4.
904 1669 1027 1701 Nomen
1054 1670 1173 1704 Christi
1197 1671 1370 1711 gloriosum

956 1717 1093 1750 Cunctos
1121 1718 1254 1750 laudare
1278 1719 1409 1759 monuit,

366 1745 562 1809 Antiphonae.
906 1764 1037 1796 Omnem
1061 1767 1166 1797 actum
1191 1766 1381 1797 scelerosum

163 1806 193 1838 1·
221 1805 343 1837 Assum
366 1803 532 1835 sonemma
951 1811 1081 1844 Plebem
1106 1813 1209 1845 vitare
1234 1813 1350 1846 docuit.

271 1852 412 1883 Thomae
436 1851 583 1891 apostoli,

222 1899 290 1931 Deo
315 1898 486 1939 praeconia
846 1889 877 1922 5.
905 1889 1004 1927 Iesus,
1031 1889 1171 1921 salvator
1196 1889 1343 1929 omnium,

272 1946 405 1979 Solvant
423 1945 534 1978 fideles
559 1946 679 1986 populi.
952 1935 1061 1975 Elegit
1085 1936 1237 1968 Thomam
1263 1937 1450 1977 apostolum,

164 2008 182 2030 ,2
222 2005 386 2037 Athlefam
413 2003 530 2037 Christi
907 1983 969 2014 Per
993 1983 1080 2015 cuius
1105 1984 1309 2023 praeconium

270 2050 386 2083 fortem
411 2050 604 2088 mirificavit,
949 2029 1045 2062 Suum
1071 2031 1175 2062 salvat
1198 2031 1358 2070 populum.

221 2100 375 2132 Thomam
400 2099 552 2139 apostolis

270 2148 446 2179 consortem
471 2146 559 2178 Deus
578 2145 772 2187 aggregavit.
1020 2123 1064 2151 Ad
1084 2123 1263 2160 Magnificat.

161 2206 193 2238 3.
218 2204 314 2245 Regis
338 2203 464 2236 Christo
489 2203 628 2234 militare
829 2202 872 2236 A.
902 2201 926 2234 O
953 2203 1062 2233 sancte
1078 2201 1209 2241 Thoma,
1235 2201 1309 2233 Iesu
1327 2201 1452 2241 dilecte,

272 2251 405 2285 Sanctus
430 2251 567 2283 Thomas
592 2250 723 2290 studuit,
904 2249 929 2281 O
957 2248 1103 2280 caelestis
1128 2249 1220 2280 aulae
1245 2249 1428 2289 architecte,

221 2299 325 2339 Signis
348 2298 438 2330 miris
465 2306 632 2333 coruscare
902 2296 1006 2328 Verae
1028 2295 1086 2328 viti
1112 2295 1237 2329 Christo
1260 2297 1438 2337 inhaesisti,

264 2346 425 2381 Divinitus
447 2346 573 2379 meruit.
903 2344 1000 2377 Cuius
1025 2344 1146 2384 palmes
1172 2353 1265 2377 sacra
1289 2345 1450 2387 exstitisti,
