1655 2534
658 82 699 89 -·-
748 62 817 98 135
865 82 911 88 —

557 154 606 187 48.
625 155 669 186 De
688 163 713 186 s.
733 154 825 187 Petro
845 155 994 193 Mai-tyre.

269 223 315 255 In
342 224 373 256 1.
401 223 506 264 Vesp
517 225 614 258 eris.

307 295 401 333 Super
419 297 562 325 Psalmos.

126 354 168 387 A.
200 353 393 386 Collaetetur

246 400 339 433 turba
364 400 505 434 fidelium

200 447 440 488 Triumphantis

246 494 387 527 athletae
410 495 537 536 gaudio,

197 541 257 580 Qui
284 550 473 575 conservans

247 588 381 628 pudoris
406 589 507 621 lilium

198 634 244 667 Et
268 644 436 668 coruscans

247 683 412 714 doctrinae
436 682 553 725 gladio,

197 728 282 760 Dum
305 738 364 769 pro
387 728 452 761 fide

246 775 332 807 subit
354 776 542 815 martyrium

199 821 298 854 Trino
327 821 406 854 felix

247 869 372 908 potitur
395 868 517 902 bravio.

317 942 364 970 Ad
382 942 562 977 Magnificat-

128 1001 169 1035 A.
200 999 225 1031 Ο
250 1000 356 1040 Petre,
382 1002 504 1038 martyr
525 1000 645 1039 inclite,

251 1047 510 1079 Praedicatorum
535 1046 645 1086 gloria,

203 1093 396 1133 virginitate
418 1094 575 1133 praedite,

253 1141 371 1180 Verbo,
397 1140 494 1181 signis
520 1143 551 1171 et
576 1139 688 1180 gratia,

204 1186 362 1220 Concessa
385 1187 477 1220 nobis
502 1187 614 1219 solitae

249 1234 382 1266 Pietatis
404 1234 571 1267 clementia

203 1280 379 1314 Transacto
402 1281 513 1313 mundi
537 1280 665 1313 tramite

252 1328 320 1360 Nos
344 1327 487 1360 transfer
511 1328 553 1360 ad
578 1327 737 1361 caelestia.

265 1451 327 1483 Ad
353 1450 623 1483 Matutinum.

330 1525 545 1552 Invitatorium.

201 1582 355 1616 Caelestis
381 1583 539 1615 exercitus

248 1638 355 1670 regem
380 1630 548 1662 adoremus

199 1676 244 1709 Et
267 1686 326 1716 pro
351 1678 459 1716 palma
482 1676 592 1708 militis

247 1724 313 1756 eius
335 1723 515 1757 iubilemus.

267 1847 329 1879 Ad
353 1846 626 1880 Nocturnum.

346 1920 543 1958 Antiphonae.

145 1981 177 2015 1.
202 1980 254 2014 De
277 1978 364 2014 fumo
388 1980 494 2012 lumen
517 1978 618 2011 oritur

250 2028 295 2060 Et
318 2036 411 2060 rosae
432 2025 491 2059 flos
518 2027 558 2059 de
581 2027 734 2066 sentibus

201 2075 324 2109 Doctor
349 2077 382 2107 et
403 2079 527 2115 martyr
550 2074 692 2107 nascitur

249 2124 363 2156 Petrus
389 2124 430 2156 de
452 2121 646 2154 infidelibus.

142 2183 173 2214 2.
199 2181 460 2214 Praedicatorum
484 2179 605 2211 ordinis

247 2226 392 2261 Militans
417 2227 449 2259 in
473 2227 543 2259 acie

200 2275 293 2308 Nunc
318 2275 501 2307 coniunctus
527 2277 576 2306 est
599 2273 716 2313 agmini

249 2323 405 2357 Caelestis
430 2321 574 2355 militiae.

819 226 850 258 3.
876 224 969 257 Mens
994 222 1056 256 fuit
1079 224 1231 264 angelica,

923 271 1048 311 Lingua
1070 269 1240 311 fructuosa,

876 318 950 350 Vita
974 317 1156 361 apostolica,

922 365 1012 397 Mors
1037 373 1128 404 quam
1152 365 1301 404 pretiosa.

1012 438 1218 474 Responsoria.

819 496 850 528 1.
877 495 903 528 O
929 496 1032 536 Fcere,
1059 495 1146 527 sidus
1171 504 1310 536 aureum,

926 541 1045 575 Summi
1066 551 1123 574 vas
1146 542 1286 583 honoris,

878 589 1054 622 Candorem
1077 598 1206 622 servans
1230 589 1356 621 niveum

923 636 1014 668 Dono
1040 636 1202 675 creatoris,

877 682 981 715 Decus
1004 683 1124 715 habens
1150 683 1324 723 virgineum

924 731 963 763 In
988 729 1134 770 supernis
1159 730 1273 771 choris,

807 775 845 809 V.
874 776 924 807 Tu
947 778 1108 817 speculum
1132 776 1316 816 munditiae,

878 822 927 854 Tu
953 825 1056 855 custos
1078 823 1276 857 innocentiae

923 868 972 901 Tu
996 869 1097 901 sancti
1120 868 1178 901 flos
1202 869 1344 908 pudoris.

820 925 852 957 2.
878 924 1085 956 Praedicator
1108 924 1262 964 fervidus,

922 970 1016 1003 Fidei
1041 975 1173 1009 amator,

882 1017 1002 1049 Circuit
1023 1018 1203 1058 intrepidus

925 1064 1101 1096 Haeresum
1128 1065 1302 1104 damnator,

880 1111 1034 1144 Vitiorum
1058 1111 1178 1151 rigidus

929 1158 1060 1197 Semper
1083 1161 1287 1198 expugnator,

882 1205 1032 1237 Veritatis
1056 1206 1180 1237 lucidus

926 1252 1047 1284 Doctor
1073 1254 1104 1283 et
1128 1256 1259 1291 amator,

811 1298 849 1332 V.
881 1299 985 1331 Verbo
1011 1299 1095 1331 vitae
1119 1299 1295 1340 praedicat,

880 1345 984 1386 Signis
1010 1345 1129 1377 crebris
1155 1346 1270 1377 emicat

927 1392 1022 1432 Legis
1047 1393 1231 1425 aemulator.

823 1449 854 1481 3.
879 1448 963 1481 Dum
982 1449 1141 1481 samsonis
1167 1449 1277 1488 vulpes
1299 1448 1434 1488 quaerit,

928 1496 980 1528 Ab
1005 1495 1121 1535 iniquis
1147 1496 1270 1535 emitur,

885 1542 991 1583 Caput
1014 1551 1139 1574 sacrum
1163 1543 1258 1575 lictor
1283 1541 1368 1581 ferit,

929 1590 1011 1622 lusti
1035 1590 1162 1631 sanguis
1189 1588 1343 1629 funditur,

882 1637 936 1670 Sic
959 1637 1111 1676 triumphi
1133 1637 1272 1678 palmam
1297 1636 1388 1679 gerit,

930 1685 1014 1717 Dum
1038 1693 1096 1724 pro
1119 1683 1186 1717 fide
1210 1684 1352 1715 moritur.

813 1731 850 1764 V.
880 1731 974 1764 Stans
999 1731 1134 1764 invictus
1159 1731 1247 1771 pugil
1272 1730 1366 1762 fortis

883 1779 1038 1812 Constans
1065 1778 1190 1819 profert
1212 1779 1293 1810 hora
1315 1777 1427 1809 mortis

930 1826 1055 1868 Fidem,
1081 1835 1139 1866 pro
1164 1835 1226 1867 qua
1250 1825 1393 1858 moritur.

967 1942 1014 1974 In
1047 1940 1277 1973 Laudibus.

1032 2014 1226 2051 Antiphonae.

825 2074 857 2107 1.
881 2073 997 2105 Petrus
1019 2081 1119 2104 novus
1140 2072 1246 2104 incola

931 2119 1042 2152 Caelos
1065 2120 1226 2151 laureatus

879 2166 1038 2200 Ascendit
1060 2166 1204 2199 laureola

928 2214 1063 2253 Triplici
1089 2215 1225 2246 dotatuS.

825 2275 856 2306 2.
883 2271 1011 2304 Turbae
1036 2275 1167 2303 currunt
1191 2270 1416 2313 languentium,

932 2319 1029 2359 Signa
1054 2322 1220 2351 coruscant
1244 2319 1343 2358 varia,
