1655 2534
115 2305 150 2339 V.

659 95 893 129 *49—

191 185 229 217 In
255 196 317 227 qua
342 196 466 220 sorores
491 190 619 222 ordinat

191 232 236 264 Et
261 233 318 266 has
345 237 472 266 cunctas
496 235 653 267 illuminat

237 279 395 320 Exemplo
420 281 607 319 sanctitatiS,

153 351 159 357 .
190 326 294 358 Instat
317 327 510 358 orationibus

191 372 280 404 Dans
303 374 400 412 plena
424 373 594 405 virtutibus

238 419 274 452 In
302 419 427 452 Christo
452 418 574 452 fructus
598 420 724 460 iugiter.

157 500 164 507 .
189 476 330 512 Cernens
354 477 472 508 sororis
498 477 634 508 animam

191 522 318 555 Caelum
345 521 424 555 ferri
449 524 656 556 clarissimam

236 569 314 602 Orat
338 570 540 611 congaudens
564 572 718 612 praemio,

236 616 282 648 Ut
305 618 447 650 solvatur
472 618 599 651 exsilio:

184 664 274 696 Bona
298 673 390 696 soror
413 666 475 697 iam
502 665 606 705 beata,

182 710 314 751 Precor,
341 711 421 743 assis
446 712 602 744 advocata

236 757 366 797 Hospiti
390 767 449 797 pro
474 758 610 800 hospita.

157 837 163 844 .
191 813 287 846 Suum
311 822 524 853 praenoscens
550 815 670 847 obitum

188 861 337 893 Sanctum
372 862 571 893 commendat
594 862 740 902 spiritum

234 907 272 940 In
296 917 409 941 manus
433 908 481 940 sui
506 908 641 950 hospitis

186 955 231 987 Et
254 956 372 988 caelum
398 964 523 996 semper
544 956 670 987 intuens

185 1002 223 1034 In
248 1011 328 1041 pace
352 1003 469 1035 dormit
489 1001 622 1034 affluens

237 1049 304 1082 Piis
330 1053 360 1081 et
385 1049 502 1082 sanctis
527 1049 666 1091 meritis3

191 1097 296 1128 Adest
321 1097 473 1140 Christus,
500 1097 593 1128 adest
616 1105 706 1129 soror

189 1143 281 1176 Hora
303 1144 424 1183 mortis,
451 1145 483 1175 et
506 1143 553 1174 sic
574 1142 678 1175 honor

239 1189 357 1222 Christi
383 1190 498 1222 crescit
521 1190 675 1230 hospitae.

252 1265 297 1296 In
323 1267 353 1298 3.
381 1265 610 1299 Nocturno.

328 1320 522 1356 Antiphonae.

151 1393 159 1400 .
181 1368 351 1400 Exstincto.
373 1368 541 1400 luminaria

183 1415 295 1447 Hostis
320 1415 442 1454 antiqui
467 1413 550 1447 furia

182 1461 278 1494 Soror
301 1464 414 1494 vocata
434 1462 564 1494 veniens

180 1509 338 1541 Accendit
362 1507 464 1541 facem
490 1508 647 1541 deferens.

149 1590 155 1596 .
182 1565 299 1597 Sancta
324 1568 355 1597 et
378 1564 458 1598 felix
482 1566 588 1598 anima

182 1612 295 1645 Somno
319 1613 408 1653 pacis
432 1613 496 1645 iam
519 1613 665 1653 proxima

180 1660 288 1692 Stratu
312 1663 491 1701 prostratur
516 1660 629 1692 cineris

179 1707 367 1746 Exemplum
393 1707 548 1746 praebens
572 1710 718 1748 posteris.

179 1764 243 1795 Pro
267 1763 402 1802 hospitis
426 1764 577 1795 memoria

181 1810 343 1842 Passionis
367 1809 501 1841 victoria

182 1857 362 1889 Secundum
386 1856 505 1888 Lucam
530 1856 655 1897 legitur,

181 1905 265 1937 Dum
288 1903 420 1936 Martha
444 1912 540 1937 carne
564 1903 709 1936 solvitur.

316 1969 522 2005 Responsoria.

148 2044 155 2053 .
182 2019 308 2060 Hospes
334 2018 446 2056 dulcis,
473 2019 589 2058 hospes
614 2025 700 2058 care,

181 2067 258 2110 Mei,
284 2074 409 2107 precor,
436 2066 607 2098 recordare

226 2114 343 2154 Meque
368 2116 473 2145 tecum
497 2113 632 2153 suscipe.

150 2177 153 2183 ·
182 2163 271 2201 Veni,
298 2162 381 2201 veni,
407 2160 617 2201 praedilecta,

180 2209 318 2250 Hospita
342 2208 416 2241 olim
443 2209 554 2251 electa,

226 2257 272 2289 Et
294 2257 358 2288 iam
382 2264 505 2288 mecum
530 2253 656 2293 reside;

181 2305 231 2336 Tu
254 2305 287 2336 in
312 2303 407 2336 terris
431 2312 483 2335 me
506 2301 634 2343 pavisti,

179 2351 236 2383 Me
258 2354 429 2391 receptans
452 2358 504 2382 me
527 2349 648 2389 fovisti,

164 2410 292 2436 Dreves,
311 2409 434 2433 Historiae
447 2408 602 2438 rhythmicae.
634 2406 685 2429 VH.

917 190 1016 223 Modo
1041 199 1162 222 mecum
1187 193 1334 234 epuleris,

917 237 955 268 In
980 239 1141 269 aeternum
1167 240 1346 277 gratuleris,

814 289 846 320 2.
871 288 909 320 In
935 287 1050 319 amoris
1074 289 1180 327 magni
1204 290 1327 329 signum

799 567 837 601 V.

812 826 843 860 1.

871 333 952 365 Suae
979 334 1122 366 Christus
1146 335 1250 367 laudis
1277 337 1404 377 dignum

917 380 1078 412 Honorem
1102 385 1246 421 praestat
1266 382 1420 424 hospitae,

870 427 952 459 Nam
979 427 1097 459 excitat
1118 428 1300 468 pontificem

868 474 1076 506 Frontonium
1102 478 1134 506 et
1156 475 1293 508 invicem

918 520 1039 562 Corpus
1066 521 1204 553 condunt
1227 523 1373 555 sollicite.

869 568 893 600 O
917 567 1032 608 hospes
1057 569 1168 609 plenus
1193 569 1306 609 gratia,

870 614 965 648 Cuius
990 613 1072 647 mira
1098 616 1264 648 clementia

917 661 970 693 Sic
992 662 1165 695 honoratur
1188 663 1333 703 hospita!

956 729 1002 760 In
1026 728 1255 763 Laudibus.

1010 778 1204 815 Antiphonae.

868 827 1027 864 Mamilla,
1054 827 1202 859 Marthae
1226 827 1355 869 famula,

866 874 1029 906 Martham
1054 882 1186 913 sequens
1211 875 1372 907 humiliter

867 920 947 952 Eius
970 921 1070 952 vitam
1093 919 1235 953 fideliter

867 966 1062 1007 Conscripsit
1087 969 1118 998 et
1142 968 1306 1002 miracula.

834 1043 842 1051 .
868 1018 999 1051 Sursum
1022 1026 1147 1058 semper
1172 1020 1329 1058 aspiciens

868 1065 970 1104 Seque
995 1073 1088 1097 cruce
1112 1066 1335 1105 praemuniens

865 1112 1043 1153 Egressura
1066 1112 1106 1144 de
1131 1121 1264 1153 corpore

867 1160 1070 1192 Provolvitur
1093 1160 1126 1191 in
1152 1160 1267 1192 cinere.

833 1233 840 1240 .
866 1211 905 1243 In
928 1209 1024 1243 fidem
1049 1211 1221 1243 testimonii

868 1257 1056 1290 Chirotheca
1078 1258 1247 1291 Frontonii

866 1304 1069 1345 Relinquitur
1091 1314 1159 1338 cum
1185 1306 1309 1348 annulo,

866 1352 950 1384 Dum
974 1353 1212 1384 commendatur
1235 1354 1368 1385 tumulo.

832 1427 838 1434 .
863 1403 1094 1435 Benedicamus
1121 1403 1265 1443 Domino,

861 1449 920 1489 Qui
944 1450 1105 1481 Martham
1131 1450 1200 1481 sine
1224 1451 1358 1483 termino

862 1497 900 1528 In
926 1496 1020 1528 caelis
1046 1494 1218 1537 beatificat,

860 1543 943 1575 Dum
968 1543 1051 1575 hanc
1073 1543 1153 1575 mire
1176 1542 1343 1583 glorificat.

826 1622 832 1628 .
857 1594 1021 1627 Laudetur
1046 1594 1192 1627 Christus
1216 1595 1344 1638 iugiter,

860 1642 920 1681 Qui
946 1645 1075 1675 coronat
1099 1641 1238 1675 feliciter

856 1690 1018 1722 Martham
1042 1690 1076 1721 in
1103 1690 1182 1722 caeli
1206 1690 1286 1722 solio

858 1737 1017 1769 Aeternae
1039 1737 1123 1769 vitae
1146 1738 1299 1777 praemio.

979 1793 1026 1821 Ad
1043 1793 1230 1821 Benedictus.

861 1831 1011 1864 Visitavit

906 1879 1090 1919 redemptor
1113 1880 1251 1911 omnium

859 1924 1072 1964 Hospitissam

909 1972 971 2004 sibi
996 1973 1201 2013 carissimam,

861 2017 961 2057 Quam
983 2020 1110 2052 vocavit

910 2065 952 2096 ad
976 2066 1066 2106 regni
1090 2066 1205 2098 solium

864 2111 978 2143 Sedem
1002 2121 1118 2151 parans

910 2159 981 2192 luce
1006 2159 1223 2199 clarissimam,

864 2205 920 2238 Illi
942 2213 1054 2236 munus

913 2252 1013 2283 stolae
1039 2252 1117 2284 dans
1142 2253 1275 2293 duplicis

866 2298 1057 2339 Sociansque

912 2346 1017 2378 choris
1041 2348 1202 2388 angelicis.

1229 2404 1248 2433 4
