1655 2534
622 112 879 148 -129—

125 230 132 238 .
166 204 322 238 Confusus
347 207 447 239 hostis
469 207 625 250 redditur,

165 253 230 286 Per
247 254 332 285 hunc
349 254 477 286 Petrum
493 263 566 286 nam
583 255 720 287 vincitur

211 300 280 332 Nec
307 304 356 332 est
379 309 473 333 ausus
497 301 639 341 prodire.

131 381 138 387 .
165 355 250 388 Dum
274 356 438 389 seminudo
464 365 597 397 corpore

167 403 269 436 Foras
290 404 415 436 intenso
439 402 559 444 frigore

215 450 351 483 Sanctus
378 451 662 491 constringebatur,

168 496 319 530 Caritatis
342 497 502 529 iuvamine

170 543 268 576 Sacro
295 544 455 576 calescens
478 543 606 577 flamine

217 591 316 623 Totus
341 592 583 634 accendebatur,

130 664 138 671 .
174 637 260 670 Caeli
284 638 426 677 repletus
450 646 579 670 munere

171 685 210 718 In
234 685 352 717 mundo
376 686 471 725 pleno
496 684 623 717 turbine

215 732 316 763 Tutus
342 732 599 766 conversabatur.

232 853 279 885 In
304 853 337 885 2.
363 853 593 885 NocturnO.

314 926 509 962 Antiphonae.

142 1010 149 1017 .
175 985 216 1018 In
237 984 301 1016 Dei
323 984 530 1017 tabernacula

218 1031 278 1063 Vir
297 1036 426 1064 sanctus
447 1030 600 1068 introivit,

173 1077 256 1110 Nam
280 1078 389 1111 vivens
412 1078 481 1110 sine
504 1077 629 1110 macula

222 1126 286 1158 Per
301 1125 386 1157 hunc
402 1125 553 1156 mundum
568 1123 725 1156 transivit.

141 1205 149 1213 .
175 1181 234 1222 Tu,
262 1182 397 1224 Christe,
425 1180 617 1213 desiderium

224 1229 336 1261 Oranti
358 1228 510 1268 tribuisti,

178 1275 276 1313 Quem
301 1277 405 1315 quoad
430 1274 616 1306 beneficium

222 1323 386 1355 Donorum
408 1321 613 1365 praevenisti.

141 1403 148 1411 .
177 1379 266 1411 Vixit
288 1380 439 1411 innocens
462 1376 617 1417 manibus,

218 1426 337 1459 Factus
363 1429 397 1458 et
419 1425 536 1457 mundo
563 1424 667 1466 corde,

177 1472 351 1514 Gorregnat
373 1473 406 1504 in
431 1470 619 1503 caelestibus

222 1521 358 1553 Mancns
383 1519 518 1552 mundus
543 1527 562 1549 a
587 1518 691 1549 sorde.

142 1602 150 1610 .
175 1578 241 1611 Iste
264 1586 387 1617 pauper
412 1575 487 1608 dum
515 1574 666 1617 clamitat,

222 1625 253 1656 A
278 1625 345 1656 Deo
371 1622 549 1663 exauditur,

182 1671 312 1704 Cunctis
337 1670 584 1703 adversitatibus

223 1718 387 1758 Perpetim
412 1717 601 1749 custoditur.

145 1803 152 1810 .
178 1775 310 1808 Electus
334 1777 382 1805 est
406 1784 424 1806 a
448 1773 584 1804 Domino

227 1822 354 1854 Pariter
379 1824 412 1852 et
434 1822 624 1860 assumptus,

181 1869 227 1902 Ut
250 1870 282 1901 iu
308 1868 399 1900 atriis
423 1867 546 1899 habitet

225 1916 304 1948 Eius
328 1915 419 1947 bonis
444 1915 595 1954 repletus.

145 2000 153 2007 .
178 1974 285 2008 Iustus
310 1978 346 2004 ut
369 1973 478 2013 palma
498 1970 605 2003 floruit

225 2022 353 2054 Virtute
383 2020 561 2058 decoratus,

180 2068 271 2102 Sicut
295 2067 409 2099 cedrus
432 2067 467 2098 in
490 2066 615 2099 Libano

232 2115 329 2148 Caelo
354 2113 593 2154 multiplicatus

846 208 887 240 Se
911 215 1062 247 spernens
1087 209 1121 240 ut
1147 207 1338 240 humillimus

894 254 1050 286 Subiectis
1074 253 1111 285 fit
1135 253 1294 296 obsequio,

944 302 1081 340 Quorum
1105 300 1225 332 nullum
1244 300 1398 341 despexit,

780 350 816 381 V.
850 348 959 382 Cultor
982 347 1044 380 Dei
1070 347 1231 386 piissimus

893 394 1015 427 Multas
1041 396 1160 425 attento
1186 393 1291 426 studio

941 441 1102 473 Ecclesias
1121 441 1229 473 erexit.

770 526 779 532 ·
793 519 824 551 2.
849 517 951 549 Audit
974 517 1008 548 in
1033 515 1194 556 evangelio

897 562 1045 595 Salubria
1071 562 1212 601 consilia,

944 611 1029 650 Quae
1053 609 1196 641 Christus
1226 609 1366 649 promul-

1174 657 1269 697 gavit,

850 703 920 735 Hoc
943 706 1000 743 est,
1025 703 1135 746 inquit,
1163 704 1246 742 quod
1272 702 1380 742 cupio;

898 749 972 782 Non
995 750 1126 782 incessit
1148 758 1208 788 per
1234 750 1335 789 devia,

947 796 1011 828 Sed
1035 796 1084 827 his
1109 805 1144 828 se
1170 795 1387 834 conformavit,

813 870 820 876 .
851 842 1021 881 Acquievit
1043 842 1177 881 imperio

898 889 1076 928 Praecepta
1100 898 1229 920 servans
1255 889 1368 927 omnia,

948 935 1034 974 Quae
1066 935 1207 967 salvator
1230 935 1402 967 mandavit.

820 1036 827 1044 .
856 1010 967 1044 Carnis
991 1009 1111 1050 spicam

898 1055 1023 1097 flagello
1049 1056 1183 1088 conterit

853 1105 899 1137 Et
921 1112 1088 1136 excussam

901 1151 1026 1192 paleam
1051 1149 1180 1190 reperit,

856 1198 995 1231 Granum
1016 1205 1130 1237 purum

901 1244 1051 1275 virtutum
1077 1243 1174 1286 eligit,

855 1291 951 1325 Cuius
975 1290 1113 1322 fructum

902 1339 937 1371 in
960 1338 1048 1370 caelo
1074 1336 1208 1376 colligit.

816 1412 824 1420 .
854 1387 938 1419 Vivo
962 1392 1045 1424 pane
1068 1392 1152 1416 nunc
1176 1383 1307 1421 cibatur,

858 1432 954 1466 Cuius
979 1433 1071 1472 gustu
1097 1432 1281 1463 delectatur.

826 1536 833 1542 .
858 1509 966 1540 Morte
991 1508 1065 1539 dum
1091 1515 1168 1537 crux
1192 1504 1351 1545 apparuit,

858 1554 1048 1587 Videntibus
1073 1552 1231 1595 apperuit,

907 1601 962 1634 Ad
985 1603 1117 1633 mortem
1143 1598 1312 1632 salvatoris

860 1650 945 1682 Dum
969 1649 1092 1681 viveret
1117 1647 1295 1688 aspexerat,

863 1697 942 1730 Cum
963 1695 1091 1735 praeire
1117 1694 1271 1727 debuerat

909 1743 996 1776 Crux
1020 1750 1107 1774 more
1130 1740 1271 1779 viatoris,

822 1819 829 1825 .
862 1789 1022 1825 crucifixo
1050 1787 1249 1827 coniungitur

862 1839 908 1871 Et
932 1837 998 1869 eius
1023 1836 1094 1868 visu
1118 1834 1235 1867 fruitur

912 1884 1014 1917 Gustu
1040 1881 1324 1924 comprehensoris,

921 2047 967 2078 In
993 2046 1023 2078 3.
1051 2044 1282 2075 Nocturno.

1008 2146 1055 2174 Ad
1076 2144 1206 2173 Cantica.

323 2209 531 2245 Responsoria.
796 2227 837 2259 A.
868 2226 1007 2265 Petrum³
1032 2224 1157 2263 petram
1180 2219 1363 2261 primariam

913 2273 952 2306 In
978 2270 1090 2303 ordine
1114 2277 1206 2310 quem
1230 2267 1316 2307 fecit,

226 2326 285 2366 Qui
310 2326 432 2358 nullum
455 2324 576 2357 habens
602 2323 675 2355 odio
869 2319 1014 2354 Christus
1044 2326 1140 2358 super
1161 2317 1328 2348 ecclesiam

277 2373 413 2406 Cunctos
438 2381 516 2405 vere
542 2370 665 2411 dilexit,
914 2367 1054 2399 Primum
1081 2367 1175 2406 caput
1198 2362 1363 2404 praefecit.

172 2433 299 2458 Dxeves,
314 2431 436 2456 Historiae
449 2431 606 2460 rhythmicae.
634 2428 688 2453 VH.
1235 2419 1252 2448 9

124 2280 140 2312 1
147 2302 155 2309 .
182 2279 311 2312 Amicus
336 2277 550 2317 fidelissimus,
