1655 2534
123 310 155 343 1.

641 86 897 122 —189—

277 180 321 212 In
345 179 573 214 Laudibus.

324 253 520 289 Antiphonae.

185 308 321 342 Indutus
347 314 396 342 est
420 320 439 342 a
463 311 598 343 Domino

186 356 276 388 Stola
300 357 520 398 Sigismundus
546 359 646 398 regni,

186 404 266 435 Post
289 405 381 436 huius
407 405 516 436 mundi
542 405 659 437 exitum

184 450 271 482 Caeli
295 451 436 491 suscepit
459 452 615 484 meritum.

184 506 252 538 Deo
280 508 360 539 caeli
385 507 527 548 iubilate,

185 554 336 586 Precibus
361 563 446 586 nune
471 558 608 594 exorate,

182 601 242 640 Qui
267 601 394 633 beatum
420 601 655 642 Sigismundum

180 647 248 679 Sibi
274 647 352 680 feeit
374 649 605 681 caelibundum.

869 182 928 221 Qui
953 182 1079 214 beatum
1105 182 1338 222 Sigismundum

913 229 1053 269 suscepit
1077 229 1116 261 de
1140 229 1344 261 terrestribus

867 275 911 308 Et
936 284 1005 308 eum
1031 276 1148 307 sanetis
1175 276 1342 309 collocavit

912 323 945 354 in
969 323 1112 363 polorum
1138 323 1277 355 sedibus.

983 395 1029 424 Ad
1048 396 1231 424 Benedictus.

829 477 836 485 .
868 452 1057 485 Benedictus
1084 462 1127 492 es,
1153 453 1297 492 Domine,

911 501 949 532 In
975 502 1030 531 tua
1053 501 1277 540 magnitudine,

866 546 923 584 Qui
949 547 1073 578 beatum
1098 546 1332 587 Sigismundum

911 593 1083 625 Tormenta
1108 593 1209 625 fecisti
1238 594 1373 633 vincere,

864 639 910 672 Ut
935 641 1135 680 congaudens
1161 643 1244 672 esset
1267 643 1370 672 tecum

122 706 152 737 3.
180 704 233 736 Ad
258 707 300 743 te,
327 705 424 741 Deus,
451 705 603 744 vigilavit.
911 687 950 718 In
973 689 1103 719 aeterna
1126 688 1242 727 reslffie·

181 750 307 782 Nomen
332 755 419 782 tuum
446 751 607 791 exaltavit,

179 797 270 828 inter
293 797 404 829 mundi
428 798 570 829 ludibria

183 843 274 875 Vitae
301 844 379 875 dans
404 844 555 877 salubria.
976 852 1021 880 Ad
1040 853 1218 889 Magnificat.

122 902 154 932 4.
180 899 373 931 Benedictus
399 899 442 931 sis
466 900 499 931 in
525 900 638 931 throno
790 909 829 942 A,
865 909 889 940 0
916 918 972 940 rex
997 910 1134 950 gloriose

222 946 308 999 Beus
333 946 504 999 unigenite,
909 958 940 986 et
966 959 1096 997 martyr,
1123 956 1331 996 Sigismunde,

181 992 240 1031 Qu
266 993 391 1025 beatum
418 992 653 1033 Slgffifflllssdum
861 1001 995 1034 Nostras
1020 1011 1131 1041 preces
1156 1002 1316 1042 supplices

229 1040 378 1072 adiuvisti
404 1040 521 1080 valide,
911 1058 1015 1081 eoram
1040 1049 1108 1080 Deo
1134 1048 1241 1087 funde,

178 1087 226 1120 Ut
250 1094 355 1119 tecum
379 1090 491 1140 regnet
514 1087 583 1140 sine
606 1085 670 1118 fine
862 1097 908 1129 Ut
931 1099 1040 1127 nostra
1065 1100 1154 1135 regat
1177 1100 1320 1134 tempora

227 1135 305 1166 sede
327 1142 476 1174 Pffl'ssnfflS
499 1135 628 1173 gIOI'Iae·
907 1143 968 1175 iam
995 1143 1027 1174 in
1053 1144 1162 1174 mortis
1187 1143 1275 1181 hora,

119 1192 149 1224 5,
178 1190 286 1222 Omnis
313 1191 421 1229 lingua
445 1190 546 1222 Deum
572 1189 680 1221 laudet
859 1189 905 1221 Et
928 1192 1030 1221 tecum
1056 1190 1152 1221 simus
1179 1189 1315 1221 caelibes

224 1238 257 1269 in
284 1238 348 1269 suis
372 1237 577 1276 martyribus,
910 1245 979 1268 cum
1003 1237 1121 1268 sanctis
1147 1237 1214 1268 sine
1240 1245 1337 1268 mora.

179 1302 263 1329 Brev.
297 1311 348 1330 ms.
371 1301 564 1329 Craeoviense
584 1309 659 1328 saec.
682 1300 724 1329 15.
760 1301 829 1330 Cod.
853 1300 946 1336 Capit.
968 1302 1138 1329 Craeovien.
1160 1299 1204 1329 20.
1220 1301 1254 1328 Α.
1268 1315 1307 1319 —
1328 1302 1410 1328 BreV.

101 1348 154 1367 ms.
174 1339 363 1376 Frisingense
389 1347 464 1366 saec.
493 1337 537 1366 15.
583 1338 653 1365 Clm.
679 1340 832 1367 Monacen.
862 1337 967 1366 19283.
994 1340 1026 1367 B.
1057 1353 1095 1357 —
1120 1339 1204 1366 Brev.
1224 1338 1411 1375 Frisingense

100 1378 170 1413 imp.
192 1378 344 1414 Augustae
366 1375 447 1404 1491.
463 1377 494 1405 Ο.
514 1392 554 1396 —
572 1376 612 1405 In
636 1375 659 1403 1.
680 1377 783 1412 Vesp.
805 1376 898 1412 Super
918 1377 965 1404 ΡΒ.
989 1375 1021 1409 Α,
1038 1373 1055 1402 3
1075 1376 1120 1403 Ad
1134 1383 1260 1412 superna
1273 1384 1410 1403 conscen-

100 1415 145 1442 dit
164 1414 195 1442 C.
224 1430 262 1434 —
290 1416 332 1443 In
355 1413 379 1442 1.
400 1415 501 1442 Noet.
531 1413 551 1440 R
573 1412 599 1447 3,
624 1414 637 1441 1
659 1418 822 1442 transsesso
844 1414 878 1440 A.
900 1428 936 1432 —
964 1415 1007 1441 In
1027 1411 1052 1439 2.
1073 1415 1176 1441 Noet.
1202 1414 1220 1440 Α
1245 1411 1268 1446 1,
1289 1412 1306 1440 2
1326 1422 1410 1440 suum

103 1452 177 1480 fehlt
197 1452 227 1480 C.
249 1467 286 1472 ——-
308 1454 327 1479 Α
347 1451 374 1486 2,
395 1451 414 1479 4
435 1453 577 1480 exaltavit
597 1454 633 1486 Γ,
655 1452 706 1479 der
724 1452 798 1480 Vers
819 1451 892 1479 fehlt
911 1452 945 1479 A.
966 1467 1005 1470 —
1024 1450 1047 1477 Α
1069 1449 1095 1483 3,
1115 1449 1131 1476 5³
1154 1451 1298 1479 decorasti
1317 1452 1352 1478 A.
1375 1467 1411 1471 —

101 1488 123 1516 Α
145 1487 171 1523 3,
193 1489 210 1517 5
238 1492 396 1518 exercitum
421 1491 455 1517 A.
483 1504 517 1508 —
546 1488 565 1515 R
587 1488 613 1522 2,
634 1488 654 1516 4
674 1492 744 1517 tune
764 1490 840 1517 atria
858 1489 932 1516 fehlt
950 1490 984 1516 A.
1011 1503 1047 1508 --
1074 1487 1094 1514 R
1116 1487 1142 1523 2,
1163 1489 1180 1516 5
1206 1490 1262 1516 Est
1280 1489 1410 1524 sepultus

101 1530 131 1555 et
150 1528 184 1554 A.
211 1543 251 1547 -—
277 1526 297 1554 R
320 1526 346 1562 3,
366 1526 386 1555 4
407 1528 497 1561 Quem
520 1529 641 1556 detersit
659 1528 788 1555 culmina
807 1528 841 1553 A.
871 1542 908 1546 ——
935 1524 954 1552 R
979 1524 1004 1559 -qz
1027 1525 1043 1553 5
1064 1527 1211 1554 dominica
1229 1528 1299 1553 vota
1316 1527 1351 1553 A.
1373 1540 1412 1544 —

100 1564 121 1592 Α
144 1562 170 1598 3,
192 1564 209 1593 6
230 1575 343 1594 summa
362 1566 436 1594 fehlt
455 1567 488 1593 A.
508 1581 546 1585 —
565 1566 606 1593 In
626 1563 652 1593 3.
674 1566 777 1593 Noet.
798 1564 821 1591 Α
846 1563 869 1596 1,
891 1563 908 1592 5
930 1564 988 1592 Sed
1008 1573 1067 1592 non
1087 1566 1178 1591 intrat
1197 1565 1229 1592 B.
1250 1579 1286 1583 —
1307 1562 1329 1589 Α
1353 1562 1377 1598 1,
1393 1562 1410 1591 6

98 1604 189 1631 fallax
217 1605 312 1632 undus
336 1605 370 1632 A.
398 1617 434 1622 —
462 1601 482 1629 R
511 1602 535 1638 1,
557 1601 575 1631 8
601 1605 726 1630 mtantes
747 1603 834 1630 simul
854 1603 887 1629 A.
908 1617 947 1620 —
968 1601 987 1627 B
1012 1600 1036 1635 l,
1059 1600 1093 1629 10
1115 1603 1298 1630 dictaverunt
1319 1602 1351 1629 B.
1372 1616 1410 1621 —-

99 1639 120 1667 Β
142 1639 167 1676 2,
183 1640 200 1669 9
221 1643 281 1670 Ubi
300 1650 379 1669 nune
399 1642 539 1669 miracula
559 1642 593 1669 A.
615 1657 651 1660 —
675 1638 694 1666 R
717 1638 742 1674 2,
760 1639 794 1668 10
807 1643 877 1667 sunt
888 1640 962 1667 fehlt
974 1641 1008 1667 A.
1022 1654 1059 1658 —
1079 1640 1120 1667 In
1134 1641 1240 1667 Laud.
1255 1638 1277 1665 Α
1295 1637 1318 1673 1,
1335 1638 1350 1666 1
1366 1642 1411 1667 est

98 1679 171 1706 fehlt
194 1680 236 1714 Ag,
262 1688 280 1707 a
304 1681 368 1708 Deo
394 1679 478 1707 ABG.
506 1695 544 1699 —
569 1677 591 1705 Α
617 1677 643 1710 4,
666 1681 679 1706 ἶ
710 1681 807 1706 tecum
826 1686 950 1714 regnans
970 1678 1005 1705 A.
1025 1693 1063 1697 —
1091 1676 1113 1703 Α
1134 1676 1161 1712 4,
1184 1679 1199 1705 6
1219 1678 1255 1705 In
1275 1679 1410 1712 perennis

98 1717 210 1752 gloriae
230 1718 264 1744 A.
283 1732 322 1736 —-
343 1718 386 1745 In
406 1715 432 1743 2.
451 1717 554 1753 Vesp.
575 1716 620 1744 Ad
639 1717 738 1751 Magn.
761 1716 789 1750 Α,
810 1714 827 1743 5
847 1718 931 1752 regat
952 1719 1081 1752 tempora
1099 1715 1173 1743 fehlt
1191 1716 1226 1743 A.
1240 1731 1252 1735 -
1295 1715 1369 1742 Ibid.
1391 1714 1408 1741 7

98 1754 226 1782 caelibas
247 1756 281 1782 A.
310 1770 347 1775 —-
373 1754 470 1782 Hiezu
494 1755 530 1782 de
554 1756 704 1788 Hymnen:
732 1755 824 1782 Laeto
853 1753 939 1781 corde
963 1754 1124 1781 recolamus
1150 1754 1245 1787 (Anal.
1272 1754 1322 1787 IV,
1344 1750 1409 1787 234)

97 1792 172 1820 und:
196 1794 286 1820 Beata
307 1794 392 1821 uobis
412 1793 522 1828 gaudia
540 1792 636 1827 (Anal.
656 1792 707 1825 IV,
729 1789 802 1827 235).

928 780 976 812 In
1001 781 1033 812 2.
1059 780 1278 819 Vesperis.

564 1883 614 1915 70.
654 1884 697 1915 De
717 1883 823 1915 saneto
844 1882 942 1914 Sixto.

853 1962 908 1995 Ad.
932 1963 1059 1995 illorum
1085 1963 1228 2003 gloriam,

234 1967 279 1998 111
310 1967 336 1998 1.
365 1965 585 2005 Vesperis.

902 2010 1038 2049 Christe,
1066 2010 1128 2042 due
1153 2011 1311 2041 canentes.

309 2040 505 2075 Antiphonae.

112 2100 143 2132 1.
168 2098 207 2130 In
232 2099 351 2130 sanetis
375 2098 564 2139 mirabilem,

214 2146 319 2187 Pueri,
346 2145 476 2178 laudate

166 2192 279 2232 Deum,
305 2196 342 2225 ut
368 2193 423 2225 det
446 2192 594 2225 stabilem

217 2240 331 2281 Vitam,
356 2240 526 2281 postulate.

107 2300 140 2331 2.
166 2297 348 2337 Martyrum
373 2297 539 2329 victoriam

214 2344 361 2378 Laudent
385 2353 493 2376 omnes
518 2347 637 2387 gentes,

794 2082 825 2116 3.
852 2080 948 2119 Voce,
975 2083 1048 2113 voto
1074 2083 1216 2111 sanctum
1244 2079 1365 2112 Sixtum

901 2129 979 2161 Cum
1005 2127 1069 2159 suis
1095 2127 1268 2166 sodalibus,

853 2175 958 2208 Corde
980 2177 1046 2206 toto
1072 2175 1169 2206 lauda
1194 2174 1363 2214 Christum,

899 2222 943 2255 Ut
968 2222 1109 2261 iungaris
1135 2221 1261 2255 talibus

792 2295 823 2328 4.
850 2294 964 2327 Lauda
990 2294 1101 2332 Deum,
1129 2293 1181 2332 qui
1207 2294 1335 2326 sanavit

898 2342 950 2374 Ex
978 2341 1074 2374 corde
1098 2341 1262 2383 contritos,
