1655 2534
619 99 850 134 —33-

82 194 123 228 V.
151 194 278 226 Panem
310 194 391 226 caeli
426 194 591 226 Dominus
624 193 711 226 dedit

154 241 192 284 ei,
207 250 331 281 panem
356 240 544 282 anyeloram
567 241 706 273 mandu-

155 288 238 321 cavit
258 288 362 320 homo.

218 411 264 442 ln
289 411 322 443 3.
347 409 378 441 N
391 411 578 442 octurno.

301 493 495 529 Antiphonae.

100 562 128 593 1.
156 562 182 594 O
207 561 290 592 mira
312 560 373 592 Dei
397 561 533 603 bonitas,

156 609 181 641 O
207 608 424 647 praedicanda
447 608 589 647 pronitas

156 655 209 687 Ad
235 655 478 687 succurrendum
506 654 633 694 homini,

158 702 220 742 Qui
242 702 370 734 invocat
395 710 507 733 nomen
531 700 669 733 Domini.

98 761 129 792 2.
157 758 333 798 Denigrata
359 760 407 789 est
433 757 512 789 cutis
538 757 603 788 eius

204 814 301 845 super
326 805 477 836 carbones
500 804 593 844 ignis,

157 853 202 884 Et
222 862 286 884 non
312 854 360 883 est
384 851 509 891 agnitus

205 900 310 930 vultus
335 898 402 929 eius
427 897 459 929 in
483 896 609 937 plateiS.

100 959 131 990 3.
159 955 259 995 Nigra
283 964 361 992 sum,
388 954 472 987 filiae

206 1003 388 1040 Ierusalem,
416 1004 448 1032 et
472 1000 619 1040 formosa,

157 1051 261 1082 Facta
285 1058 353 1080 sum
380 1048 497 1080 dilecta

209 1096 325 1128 dilecto
351 1104 390 1126 ex
415 1095 534 1127 odiosa.

297 1180 504 1214 Responsoria.

104 1250 134 1281 1.
162 1249 241 1280 Tres
266 1247 309 1279 ad
333 1246 435 1279 victus
461 1246 641 1285 corporales

161 1295 274 1327 Secum
300 1294 485 1333 deportarat
508 1301 618 1332 panes,

162 1340 284 1382 Quibus
308 1341 342 1372 in
368 1348 472 1371 eremo
496 1343 588 1371 vasta

160 1388 272 1421 Multis
297 1387 388 1419 annis
412 1384 473 1417 fuit
496 1392 608 1428 pasta3

88 1436 128 1470 V.
157 1436 237 1468 Non
269 1435 354 1467 em'm
377 1433 417 1465 in
439 1433 505 1465 solo
522 1441 615 1473 pane
635 1432 714 1465 vivit

157 1483 260 1525 homo,
306 1481 362 1513 sed
404 1481 442 1512 in
482 1480 571 1512 ommi
608 1480 709 1523 verbo,

158 1530 244 1570 quod
258 1527 375 1570 prodit
398 1536 435 1560 em
459 1535 511 1559 ore
534 1526 609 1560 Dei.

99 1589 131 1619 2.
159 1586 264 1620 Corde
286 1592 410 1617 sursum
434 1584 476 1616 ad

208 1633 311 1665 Deum
335 1632 457 1664 intento

159 1681 267 1714 Maria
289 1679 382 1712 unius

205 1728 304 1760 horae
326 1727 485 1758 momento

157 1776 195 1808 In
219 1775 322 1807 locum
347 1775 476 1806 sanctae

210 1821 408 1854 dormitionis
434 1819 607 1862 reducitur,

157 1869 266 1904 Posito
291 1877 425 1909 corpore

206 1917 308 1949 libere
331 1916 400 1948 Deo
426 1913 552 1947 fruitur.

89 1968 126 1999 V.
156 1966 251 1998 Sicut
306 1973 413 1998 cervus
464 1962 624 1995 desiderat
670 1962 715 1993 ad

158 2013 261 2054 fontes
285 2020 459 2054 aquarum,
480 2010 530 2054 ita
555 2009 714 2042 desiderat

158 2060 274 2093 amima
296 2068 371 2092 mea
395 2058 440 2091 ad
462 2058 571 2091 Deum
594 2057 711 2090 vivum.

100 2121 130 2153 3.
158 2119 182 2151 O
208 2116 324 2158 Maria,
350 2118 453 2148 mater
477 2115 541 2156 pia,

158 2165 380 2199 Paenitentum
403 2171 486 2203 quae
509 2171 543 2194 es
568 2161 630 2201 via,

158 2212 383 2254 supplicantes
405 2210 457 2242 die
481 2210 542 2241 isto

160 2261 226 2294 Nos
252 2257 439 2292 commenda
462 2257 535 2289 Iesu
561 2256 696 2295 Christo,

159 2309 221 2348 Qui
244 2311 278 2338 te
301 2306 422 2337 claram
443 2304 613 2336 virtutibus

157 2355 294 2389 Locavit
316 2353 348 2385 in
376 2350 576 2384 caelestibus.

141 2415 273 2442 Dreves.
287 2407 409 2436 Historiae
421 2408 577 2438 rhythmicae.
606 2408 659 2433 VH.

768 195 803 227 V.
836 194 933 234 Veni,
972 193 1069 227 electa
1100 203 1181 238 mea,
1213 198 1241 227 et
1259 205 1386 235 ponam

833 240 871 272 in
903 244 932 273 te
963 242 1114 274 thronum
1146 251 1270 281 meum,
1308 242 1386 281 Quia

835 287 1016 330 concupivit
1042 296 1099 319 rex
1121 288 1255 327 speeiem
1284 290 1384 320 tuam.

927 428 971 459 In
996 427 1226 460 Laudibus.

976 520 1171 556 Antiphonae.

780 596 810 629 1.
836 596 994 629 Mirabilis
1020 596 1172 629 Dominus

836 643 873 675 In
898 643 1057 675 altissimis
1081 643 1218 676 Mariam

836 690 1029 722 Mirabiliter
1054 691 1216 724 exaltavit.

778 758 808 789 2.
835 756 1006 789 Iubilemus
1031 757 1166 788 Domino

883 803 916 834 in
942 803 1046 834 cordis
1072 803 1291 843 exsultatione,

838 849 897 888 Qui
921 849 1058 881 Mariam
1081 850 1237 882 revelavit

881 896 915 927 in
938 895 1038 927 crucis
1064 896 1265 928 exaltatione.

781 964 811 996 3.
838 961 998 1001 Apparuit
1021 961 1156 993 Domino
1180 962 1286 993 Maria

836 1010 876 1041 In
900 1010 987 1040 terra
1011 1008 1137 1040 deserta
1162 1010 1194 1039 et
1216 1008 1312 1047 invia,

837 1055 884 1088 Ut
907 1055 1032 1088 videret
1054 1055 1204 1088 virtutem

886 1103 952 1134 eius
976 1105 1007 1133 et
1030 1101 1162 1142 gloriam

838 1149 978 1183 Uberem
1000 1151 1167 1181 consecuta

884 1196 1147 1228 misericordiam.

780 1264 812 1295 4.
838 1262 1035 1294 Benedicant
1058 1261 1230 1293 Dominum

840 1310 955 1342 Omnes
979 1311 1152 1348 creaturae,

885 1364 963 1395 quas
986 1355 1090 1393 finxit,

837 1403 897 1441 Qui
919 1402 1057 1434 Mariam
1082 1400 1296 1433 beatissimam

839 1450 946 1489 Larga
969 1457 1063 1481 manu
1087 1446 1261 1481 benedixit.

782 1516 813 1549 5.
839 1515 1019 1547 Laudemus
1042 1513 1215 1545 Dominum

887 1561 1089 1594 devotissime
1114 1568 1184 1592 cum
1210 1559 1340 1600 angelis

839 1609 899 1649 Qui
923 1617 981 1649 pro
1005 1607 1130 1641 Mariae
1148 1606 1345 1648 paenitentia

887 1655 1028 1697 gaudent
1049 1655 1084 1687 in
1109 1654 1216 1688 caeliS.

956 1749 1003 1777 Ad
1021 1747 1205 1776 Benedictus.

838 1826 1031 1860 Benedictus
1056 1826 1143 1858 Deus

890 1874 1143 1912 christianorum,

839 1922 899 1962 Qui
924 1920 1159 1954 conversionem

888 1970 957 2002 vult
979 1973 1192 2010 peccatorum,

840 2017 901 2057 Qui
923 2017 1104 2048 interventu

887 2063 998 2096 matris
1022 2060 1260 2093 misericordiae

842 2111 964 2144 Eduxit
984 2108 1121 2141 Mariam

890 2158 929 2189 de
956 2157 1028 2188 lacu
1052 2154 1210 2193 miseriae,

838 2206 936 2245 Quam
963 2204 1036 2242 post
1059 2199 1234 2241 perfectam

890 2249 1117 2291 paenitentiam

841 2299 895 2331 Ad
921 2306 1010 2330 suam
1031 2296 1171 2336 suscepit

890 2343 1113 2387 praesentiam.
