<?xml version="1.0" encoding="UTF-8"?>
<!DOCTYPE html PUBLIC "-//W3C//DTD XHTML 1.0 Transitional//EN"
    "http://www.w3.org/TR/xhtml1/DTD/xhtml1-transitional.dtd">
<html xmlns="http://www.w3.org/1999/xhtml" xml:lang="en" lang="en">
 <head>
  <title>
</title>
<meta http-equiv="Content-Type" content="text/html;charset=utf-8" />
  <meta name='ocr-system' content='tesseract 3.04.00' />
  <meta name='ocr-capabilities' content='ocr_page ocr_carea ocr_par ocr_line ocrx_word'/>
</head>
<body>
  <div class='ocr_page' id='page_1' title='image "./analectahymnica28drevuoft_00099.png"; bbox 0 0 1655 2534; ppageno 0'>
   <div class='ocr_carea' id='block_1_1' title="bbox 212 194 829 562">
    <p class='ocr_par' dir='ltr' id='par_1_1' title="bbox 225 194 714 328">
     <span class='ocr_line' id='line_1_1' title="bbox 225 194 714 234; baseline -0.01 -6"><span class='ocrx_word' id='word_1_1' title='bbox 225 198 256 229; x_wconf 88' lang='lat'>3.</span> <span class='ocrx_word' id='word_1_2' title='bbox 280 195 373 228; x_wconf 84' lang='lat' dir='ltr'><strong>Felix</strong></span> <span class='ocrx_word' id='word_1_3' title='bbox 395 195 487 227; x_wconf 88' lang='lat' dir='ltr'>nimis</span> <span class='ocrx_word' id='word_1_4' title='bbox 512 203 555 234; x_wconf 83' lang='lat' dir='ltr'>eS,</span> <span class='ocrx_word' id='word_1_5' title='bbox 581 194 714 233; x_wconf 80' lang='lat' dir='ltr'>Odgere‚</span> 
     </span>
     <span class='ocr_line' id='line_1_2' title="bbox 280 242 690 282; baseline -0.012 -7"><span class='ocrx_word' id='word_1_6' title='bbox 280 243 366 282; x_wconf 88' lang='lat' dir='ltr'>Ergo</span> <span class='ocrx_word' id='word_1_7' title='bbox 393 242 485 282; x_wconf 84' lang='lat' dir='ltr'>digne</span> <span class='ocrx_word' id='word_1_8' title='bbox 509 244 594 272; x_wconf 83' lang='lat' dir='ltr'>tuam</span> <span class='ocrx_word' id='word_1_9' title='bbox 615 248 690 272; x_wconf 86' lang='lat' dir='ltr'>vere</span> 
     </span>
     <span class='ocr_line' id='line_1_3' title="bbox 330 288 679 328; baseline -0.011 -7"><span class='ocrx_word' id='word_1_10' title='bbox 330 288 466 321; x_wconf 83' lang='lat' dir='ltr'>Colimus</span> <span class='ocrx_word' id='word_1_11' title='bbox 488 288 679 328; x_wconf 81' lang='lat' dir='ltr'>memoriam,</span> 
     </span>
    </p>

    <p class='ocr_par' dir='ltr' id='par_1_2' title="bbox 212 332 829 515">
     <span class='ocr_line' id='line_1_4' title="bbox 282 332 740 376; baseline -0.009 -9"><span class='ocrx_word' id='word_1_12' title='bbox 282 336 389 376; x_wconf 83' lang='lat' dir='ltr'>Teque</span> <span class='ocrx_word' id='word_1_13' title='bbox 412 338 482 367; x_wconf 90' lang='lat' dir='ltr'>tuos</span> <span class='ocrx_word' id='word_1_14' title='bbox 507 335 559 374; x_wconf 86' lang='lat' dir='ltr'>qui</span> <span class='ocrx_word' id='word_1_15' title='bbox 584 332 740 375; x_wconf 77' lang='lat' dir='ltr'><strong>sprevisti,</strong></span> 
     </span>
     <span class='ocr_line' id='line_1_5' title="bbox 282 378 789 422; baseline -0.012 -8"><span class='ocrx_word' id='word_1_16' title='bbox 282 382 440 422; x_wconf 71' lang='lat' dir='ltr'>Quidquid</span> <span class='ocrx_word' id='word_1_17' title='bbox 466 389 587 422; x_wconf 80' lang='lat' dir='ltr'>quoque</span> <span class='ocrx_word' id='word_1_18' title='bbox 609 378 789 421; x_wconf 68' lang='lat' dir='ltr'>possedisti,</span> 
     </span>
     <span class='ocr_line' id='line_1_6' title="bbox 331 426 734 467; baseline -0.007 -7"><span class='ocrx_word' id='word_1_19' title='bbox 331 429 377 461; x_wconf 86' lang='lat' dir='ltr'>Ob</span> <span class='ocrx_word' id='word_1_20' title='bbox 403 431 560 460; x_wconf 82' lang='lat' dir='ltr'>aeternam</span> <span class='ocrx_word' id='word_1_21' title='bbox 585 426 734 467; x_wconf 79' lang='lat' dir='ltr'>gloriam3</span> 
     </span>
     <span class='ocr_line' id='line_1_7' title="bbox 212 470 829 515; baseline -0.01 -7"><span class='ocrx_word' id='word_1_22' title='bbox 212 477 252 509; x_wconf 88' lang='lat' dir='ltr'>V.</span> <span class='ocrx_word' id='word_1_23' title='bbox 281 475 406 514; x_wconf 86' lang='lat' dir='ltr'>Verba,</span> <span class='ocrx_word' id='word_1_24' title='bbox 432 475 537 515; x_wconf 85' lang='lat' dir='ltr'>vitam,</span> <span class='ocrx_word' id='word_1_25' title='bbox 565 482 686 505; x_wconf 86' lang='lat' dir='ltr'>crucem</span> <span class='ocrx_word' id='word_1_26' title='bbox 712 470 829 505; x_wconf 81' lang='lat' dir='ltr'>Christi</span> 
     </span>
    </p>

    <p class='ocr_par' dir='ltr' id='par_1_3' title="bbox 283 519 715 562">
     <span class='ocr_line' id='line_1_8' title="bbox 283 519 715 562; baseline -0.005 -8"><span class='ocrx_word' id='word_1_27' title='bbox 283 522 449 561; x_wconf 83' lang='lat' dir='ltr'>Nunquam</span> <span class='ocrx_word' id='word_1_28' title='bbox 474 531 493 553; x_wconf 89' lang='lat' dir='ltr'>a</span> <span class='ocrx_word' id='word_1_29' title='bbox 516 524 548 552; x_wconf 89' lang='lat' dir='ltr'>te</span> <span class='ocrx_word' id='word_1_30' title='bbox 571 519 715 562; x_wconf 84' lang='lat' dir='ltr'>posuisti.</span> 
     </span>
    </p>
   </div>
   <div class='ocr_carea' id='block_1_2' title="bbox 373 611 670 646">
    <p class='ocr_par' dir='ltr' id='par_1_4' title="bbox 373 611 670 646">
     <span class='ocr_line' id='line_1_9' title="bbox 373 611 670 646; baseline -0.013 0"><span class='ocrx_word' id='word_1_31' title='bbox 373 614 420 646; x_wconf 86' lang='lat' dir='ltr'>In</span> <span class='ocrx_word' id='word_1_32' title='bbox 443 611 670 644; x_wconf 85' lang='lat' dir='ltr'>Laudibus.</span> 
     </span>
    </p>
   </div>
   <div class='ocr_carea' id='block_1_3' title="bbox 426 684 618 719">
    <p class='ocr_par' dir='ltr' id='par_1_5' title="bbox 426 684 618 719">
     <span class='ocr_line' id='line_1_10' title="bbox 426 684 618 719; baseline -0.01 -7"><span class='ocrx_word' id='word_1_33' title='bbox 426 684 618 719; x_wconf 80' lang='lat' dir='ltr'>Antiphonae.</span> 
     </span>
    </p>
   </div>
   <div class='ocr_carea' id='block_1_4' title="bbox 228 740 829 920">
    <p class='ocr_par' dir='ltr' id='par_1_6' title="bbox 228 740 829 920">
     <span class='ocr_line' id='line_1_11' title="bbox 228 740 829 784; baseline -0.01 -8"><span class='ocrx_word' id='word_1_34' title='bbox 228 745 258 776; x_wconf 87' lang='lat'>1.</span> <span class='ocrx_word' id='word_1_35' title='bbox 286 743 363 775; x_wconf 84' lang='lat' dir='ltr'>Cum</span> <span class='ocrx_word' id='word_1_36' title='bbox 387 742 576 784; x_wconf 81' lang='lat' dir='ltr'>Plechelm0‚</span> <span class='ocrx_word' id='word_1_37' title='bbox 605 749 672 772; x_wconf 87' lang='lat' dir='ltr'>cum</span> <span class='ocrx_word' id='word_1_38' title='bbox 690 740 829 779; x_wconf 83' lang='lat' dir='ltr'>Wirone‚</span> 
     </span>
     <span class='ocr_line' id='line_1_12' title="bbox 330 788 640 827; baseline -0.006 -7"><span class='ocrx_word' id='word_1_39' title='bbox 330 788 462 821; x_wconf 81' lang='lat' dir='ltr'>Sibimet</span> <span class='ocrx_word' id='word_1_40' title='bbox 485 791 640 827; x_wconf 72' lang='lat' dir='ltr'>austerus,</span> 
     </span>
     <span class='ocr_line' id='line_1_13' title="bbox 285 835 696 868; baseline -0.007 0"><span class='ocrx_word' id='word_1_41' title='bbox 285 836 411 868; x_wconf 86' lang='lat' dir='ltr'>Summa</span> <span class='ocrx_word' id='word_1_42' title='bbox 435 844 504 867; x_wconf 86' lang='lat' dir='ltr'>cum</span> <span class='ocrx_word' id='word_1_43' title='bbox 531 835 696 867; x_wconf 87' lang='lat' dir='ltr'>devotione</span> 
     </span>
     <span class='ocr_line' id='line_1_14' title="bbox 329 881 707 920; baseline -0.005 -5"><span class='ocrx_word' id='word_1_44' title='bbox 329 883 459 915; x_wconf 75' lang='lat' dir='ltr'>Iunctus</span> <span class='ocrx_word' id='word_1_45' title='bbox 484 884 532 913; x_wconf 83' lang='lat' dir='ltr'>est</span> <span class='ocrx_word' id='word_1_46' title='bbox 554 881 707 920; x_wconf 81' lang='lat' dir='ltr'>Odgerus.</span> 
     </span>
    </p>
   </div>
   <div class='ocr_carea' id='block_1_5' title="bbox 228 938 737 1118">
    <p class='ocr_par' dir='ltr' id='par_1_7' title="bbox 228 938 700 1063">
     <span class='ocr_line' id='line_1_15' title="bbox 228 938 679 971; baseline -0.009 0"><span class='ocrx_word' id='word_1_47' title='bbox 228 941 258 971; x_wconf 86' lang='lat'>2.</span> <span class='ocrx_word' id='word_1_48' title='bbox 284 939 321 970; x_wconf 90' lang='lat' dir='ltr'>In</span> <span class='ocrx_word' id='word_1_49' title='bbox 346 938 393 969; x_wconf 91' lang='lat' dir='ltr'>his</span> <span class='ocrx_word' id='word_1_50' title='bbox 418 938 508 969; x_wconf 85' lang='lat' dir='ltr'>trinis</span> <span class='ocrx_word' id='word_1_51' title='bbox 533 938 679 969; x_wconf 81' lang='lat' dir='ltr'>adunatis</span> 
     </span>
     <span class='ocr_line' id='line_1_16' title="bbox 332 984 643 1016; baseline -0.003 -1"><span class='ocrx_word' id='word_1_52' title='bbox 332 985 496 1016; x_wconf 74' lang='lat' dir='ltr'>Trinitatis</span> <span class='ocrx_word' id='word_1_53' title='bbox 519 984 643 1015; x_wconf 89' lang='lat' dir='ltr'>nomine</span> 
     </span>
     <span class='ocr_line' id='line_1_17' title="bbox 288 1030 700 1063; baseline -0.005 -1"><span class='ocrx_word' id='word_1_54' title='bbox 288 1032 380 1063; x_wconf 80' lang='lat' dir='ltr'>quta</span> <span class='ocrx_word' id='word_1_55' title='bbox 403 1031 531 1062; x_wconf 88' lang='lat' dir='ltr'>verbum</span> <span class='ocrx_word' id='word_1_56' title='bbox 559 1030 700 1061; x_wconf 82' lang='lat' dir='ltr'>veritatis</span> 
     </span>
    </p>

    <p class='ocr_par' dir='ltr' id='par_1_8' title="bbox 333 1076 737 1118">
     <span class='ocr_line' id='line_1_18' title="bbox 333 1076 737 1118; baseline 0 -9"><span class='ocrx_word' id='word_1_57' title='bbox 333 1077 459 1109; x_wconf 84' lang='lat' dir='ltr'>Medius</span> <span class='ocrx_word' id='word_1_58' title='bbox 487 1086 567 1118; x_wconf 67' lang='lat' dir='ltr'>eras,</span> <span class='ocrx_word' id='word_1_59' title='bbox 593 1076 737 1109; x_wconf 85' lang='lat' dir='ltr'>Domine.</span> 
     </span>
    </p>
   </div>
   <div class='ocr_carea' id='block_1_6' title="bbox 231 1131 780 1312">
    <p class='ocr_par' dir='ltr' id='par_1_9' title="bbox 231 1131 780 1312">
     <span class='ocr_line' id='line_1_19' title="bbox 231 1131 780 1166; baseline -0.007 -1"><span class='ocrx_word' id='word_1_60' title='bbox 231 1135 261 1166; x_wconf 80' lang='lat'>3.</span> <span class='ocrx_word' id='word_1_61' title='bbox 288 1134 331 1165; x_wconf 87' lang='lat' dir='ltr'>Hi</span> <span class='ocrx_word' id='word_1_62' title='bbox 354 1136 418 1164; x_wconf 87' lang='lat' dir='ltr'>tres</span> <span class='ocrx_word' id='word_1_63' title='bbox 442 1133 546 1165; x_wconf 81' lang='lat' dir='ltr'>navim</span> <span class='ocrx_word' id='word_1_64' title='bbox 571 1131 780 1164; x_wconf 82' lang='lat' dir='ltr'>ascenderunt</span> 
     </span>
     <span class='ocr_line' id='line_1_20' title="bbox 335 1179 685 1220; baseline 0 -10"><span class='ocrx_word' id='word_1_65' title='bbox 335 1179 444 1211; x_wconf 86' lang='lat' dir='ltr'>Gratia</span> <span class='ocrx_word' id='word_1_66' title='bbox 473 1188 538 1210; x_wconf 88' lang='lat' dir='ltr'>cum</span> <span class='ocrx_word' id='word_1_67' title='bbox 565 1188 685 1220; x_wconf 83' lang='lat' dir='ltr'>magna,</span> 
     </span>
     <span class='ocr_line' id='line_1_21' title="bbox 288 1226 743 1265; baseline -0.004 -8"><span class='ocrx_word' id='word_1_68' title='bbox 288 1227 340 1257; x_wconf 88' lang='lat' dir='ltr'>Ad</span> <span class='ocrx_word' id='word_1_69' title='bbox 366 1226 510 1265; x_wconf 86' lang='lat' dir='ltr'>Pipinum</span> <span class='ocrx_word' id='word_1_70' title='bbox 535 1228 567 1256; x_wconf 87' lang='lat' dir='ltr'>et</span> <span class='ocrx_word' id='word_1_71' title='bbox 590 1227 743 1256; x_wconf 79' lang='lat' dir='ltr'>venerunt</span> 
     </span>
     <span class='ocr_line' id='line_1_22' title="bbox 333 1272 720 1312; baseline -0.005 -8"><span class='ocrx_word' id='word_1_72' title='bbox 333 1272 489 1312; x_wconf 86' lang='lat' dir='ltr'>Aequoris</span> <span class='ocrx_word' id='word_1_73' title='bbox 517 1281 575 1311; x_wconf 84' lang='lat' dir='ltr'>per</span> <span class='ocrx_word' id='word_1_74' title='bbox 599 1276 720 1312; x_wconf 86' lang='lat' dir='ltr'>stagna.</span> 
     </span>
    </p>
   </div>
   <div class='ocr_carea' id='block_1_7' title="bbox 233 1327 776 1407">
    <p class='ocr_par' dir='ltr' id='par_1_10' title="bbox 233 1327 776 1407">
     <span class='ocr_line' id='line_1_23' title="bbox 233 1327 776 1362; baseline -0.006 -1"><span class='ocrx_word' id='word_1_75' title='bbox 233 1332 263 1362; x_wconf 81' lang='lat'>4.</span> <span class='ocrx_word' id='word_1_76' title='bbox 288 1328 338 1359; x_wconf 88' lang='lat' dir='ltr'>De</span> <span class='ocrx_word' id='word_1_77' title='bbox 361 1329 499 1360; x_wconf 84' lang='lat' dir='ltr'>adventu</span> <span class='ocrx_word' id='word_1_78' title='bbox 523 1327 559 1359; x_wconf 91' lang='lat' dir='ltr'>fit</span> <span class='ocrx_word' id='word_1_79' title='bbox 583 1327 776 1360; x_wconf 82' lang='lat' dir='ltr'>Francorum</span> 
     </span>
     <span class='ocr_line' id='line_1_24' title="bbox 338 1374 626 1407; baseline -0.003 -1"><span class='ocrx_word' id='word_1_80' title='bbox 338 1374 408 1407; x_wconf 67' lang='lat' dir='ltr'>Rex</span> <span class='ocrx_word' id='word_1_81' title='bbox 433 1375 626 1406; x_wconf 82' lang='lat' dir='ltr'>exhilaratus</span> 
     </span>
    </p>
   </div>
   <div class='ocr_carea' id='block_1_8' title="bbox 899 186 1451 465">
    <p class='ocr_par' dir='ltr' id='par_1_11' title="bbox 899 186 1451 465">
     <span class='ocr_line' id='line_1_25' title="bbox 954 186 1390 223; baseline -0.016 -2"><span class='ocrx_word' id='word_1_82' title='bbox 954 190 1074 221; x_wconf 89' lang='lat' dir='ltr'>Horum</span> <span class='ocrx_word' id='word_1_83' title='bbox 1100 187 1194 219; x_wconf 88' lang='lat' dir='ltr'>trium</span> <span class='ocrx_word' id='word_1_84' title='bbox 1218 186 1390 223; x_wconf 85' lang='lat' dir='ltr'>beatorum,</span> 
     </span>
     <span class='ocr_line' id='line_1_26' title="bbox 1001 233 1390 274; baseline -0.015 -6"><span class='ocrx_word' id='word_1_85' title='bbox 1001 236 1084 274; x_wconf 76' lang='lat' dir='ltr'>Quos</span> <span class='ocrx_word' id='word_1_86' title='bbox 1108 233 1246 273; x_wconf 84' lang='lat' dir='ltr'>suscepit</span> <span class='ocrx_word' id='word_1_87' title='bbox 1271 233 1390 272; x_wconf 84' lang='lat' dir='ltr'>gratus.</span> 
     </span>
     <span class='ocr_line' id='line_1_27' title="bbox 899 290 1451 327; baseline -0.016 -1"><span class='ocrx_word' id='word_1_88' title='bbox 899 295 931 327; x_wconf 86' lang='grc'>5.</span> <span class='ocrx_word' id='word_1_89' title='bbox 954 292 1097 325; x_wconf 78' lang='lat' dir='ltr'>Mentem</span> <span class='ocrx_word' id='word_1_90' title='bbox 1121 290 1210 323; x_wconf 83' lang='lat' dir='ltr'>Petri</span> <span class='ocrx_word' id='word_1_91' title='bbox 1233 291 1309 320; x_wconf 82' lang='lat' dir='ltr'>tunc</span> <span class='ocrx_word' id='word_1_92' title='bbox 1331 297 1352 319; x_wconf 81' lang='lat' dir='ltr'>a</span> <span class='ocrx_word' id='word_1_93' title='bbox 1376 294 1451 326; x_wconf 81' lang='lat' dir='ltr'>rege</span> 
     </span>
     <span class='ocr_line' id='line_1_28' title="bbox 1003 335 1336 376; baseline -0.015 -5"><span class='ocrx_word' id='word_1_94' title='bbox 1003 339 1140 371; x_wconf 84' lang='lat' dir='ltr'>Poscunt</span> <span class='ocrx_word' id='word_1_95' title='bbox 1169 336 1229 368; x_wconf 92' lang='lat' dir='ltr'>sibi</span> <span class='ocrx_word' id='word_1_96' title='bbox 1257 335 1336 376; x_wconf 87' lang='lat' dir='ltr'>dari,</span> 
     </span>
     <span class='ocr_line' id='line_1_29' title="bbox 955 382 1439 426; baseline -0.017 -7"><span class='ocrx_word' id='word_1_97' title='bbox 955 387 1020 426; x_wconf 78' lang='lat' dir='ltr'>Quo</span> <span class='ocrx_word' id='word_1_98' title='bbox 1047 385 1203 425; x_wconf 80' lang='lat' dir='ltr'>degebant</span> <span class='ocrx_word' id='word_1_99' title='bbox 1227 382 1346 416; x_wconf 81' lang='lat' dir='ltr'>Christi</span> <span class='ocrx_word' id='word_1_100' title='bbox 1368 382 1439 421; x_wconf 78' lang='lat' dir='ltr'>lege</span> 
     </span>
     <span class='ocr_line' id='line_1_30' title="bbox 1002 430 1290 465; baseline -0.014 0"><span class='ocrx_word' id='word_1_101' title='bbox 1002 432 1177 465; x_wconf 79' lang='lat' dir='ltr'>Sanctitate</span> <span class='ocrx_word' id='word_1_102' title='bbox 1203 430 1290 462; x_wconf 84' lang='lat' dir='ltr'>clari.</span> 
     </span>
    </p>
   </div>
   <div class='ocr_carea' id='block_1_9' title="bbox 1073 504 1321 532">
    <p class='ocr_par' dir='ltr' id='par_1_12' title="bbox 1073 504 1321 532">
     <span class='ocr_line' id='line_1_31' title="bbox 1073 504 1321 532; baseline -0.012 0"><span class='ocrx_word' id='word_1_103' title='bbox 1073 505 1119 532; x_wconf 82' lang='lat' dir='ltr'>Ad</span> <span class='ocrx_word' id='word_1_104' title='bbox 1138 504 1321 532; x_wconf 80' lang='lat' dir='ltr'>Benedictus.</span> 
     </span>
    </p>
   </div>
   <div class='ocr_carea' id='block_1_10' title="bbox 887 561 1324 594">
    <p class='ocr_par' dir='ltr' id='par_1_13' title="bbox 887 561 1324 594">
     <span class='ocr_line' id='line_1_32' title="bbox 887 561 1324 594; baseline -0.007 0"><span class='ocrx_word' id='word_1_105' title='bbox 887 564 927 594; x_wconf 92' lang='lat' dir='ltr'>A.</span> <span class='ocrx_word' id='word_1_106' title='bbox 951 561 1057 594; x_wconf 85' lang='lat' dir='ltr'>Hodie</span> <span class='ocrx_word' id='word_1_107' title='bbox 1079 561 1135 591; x_wconf 79' lang='lat' dir='ltr'>lux</span> <span class='ocrx_word' id='word_1_108' title='bbox 1155 561 1324 592; x_wconf 83' lang='lat' dir='ltr'>levitarum</span> 
     </span>
    </p>
   </div>
   <div class='ocr_carea' id='block_1_11' title="bbox 958 606 1425 832">
    <p class='ocr_par' dir='ltr' id='par_1_14' title="bbox 958 606 1425 832">
     <span class='ocr_line' id='line_1_33' title="bbox 1005 606 1307 646; baseline -0.007 -7"><span class='ocrx_word' id='word_1_109' title='bbox 1005 607 1129 639; x_wconf 81' lang='lat' dir='ltr'>Occidit</span> <span class='ocrx_word' id='word_1_110' title='bbox 1154 606 1307 646; x_wconf 85' lang='lat' dir='ltr'>Odgerus,</span> 
     </span>
     <span class='ocr_line' id='line_1_34' title="bbox 960 652 1356 693; baseline -0.003 -8"><span class='ocrx_word' id='word_1_111' title='bbox 960 654 1017 693; x_wconf 74' lang='lat' dir='ltr'>Qui</span> <span class='ocrx_word' id='word_1_112' title='bbox 1043 652 1144 693; x_wconf 77' lang='lat' dir='ltr'>fulget</span> <span class='ocrx_word' id='word_1_113' title='bbox 1168 653 1356 684; x_wconf 74' lang='lat' dir='ltr'>deliciarum</span> 
     </span>
     <span class='ocr_line' id='line_1_35' title="bbox 1005 700 1350 738; baseline -0.003 -7"><span class='ocrx_word' id='word_1_114' title='bbox 1005 700 1042 731; x_wconf 88' lang='lat' dir='ltr'>In</span> <span class='ocrx_word' id='word_1_115' title='bbox 1067 703 1173 731; x_wconf 86' lang='lat' dir='ltr'>monte</span> <span class='ocrx_word' id='word_1_116' title='bbox 1197 700 1350 738; x_wconf 80' lang='lat' dir='ltr'>sincerus,</span> 
     </span>
     <span class='ocr_line' id='line_1_36' title="bbox 958 745 1425 787; baseline -0.006 -8"><span class='ocrx_word' id='word_1_117' title='bbox 958 747 1012 779; x_wconf 87' lang='lat' dir='ltr'>Ad</span> <span class='ocrx_word' id='word_1_118' title='bbox 1036 755 1128 787; x_wconf 88' lang='lat' dir='ltr'>quem</span> <span class='ocrx_word' id='word_1_119' title='bbox 1153 755 1208 778; x_wconf 86' lang='lat' dir='ltr'>rex</span> <span class='ocrx_word' id='word_1_120' title='bbox 1233 745 1425 778; x_wconf 83' lang='lat' dir='ltr'>laetitiarum</span> 
     </span>
     <span class='ocr_line' id='line_1_37' title="bbox 1006 793 1380 832; baseline -0.003 -8"><span class='ocrx_word' id='word_1_121' title='bbox 1006 793 1073 825; x_wconf 76' lang='lat' dir='ltr'>Nos</span> <span class='ocrx_word' id='word_1_122' title='bbox 1097 794 1253 832; x_wconf 81' lang='lat' dir='ltr'>perducat</span> <span class='ocrx_word' id='word_1_123' title='bbox 1275 800 1380 824; x_wconf 69' lang='lat' dir='ltr'>verus</span> 
     </span>
    </p>
   </div>
   <div class='ocr_carea' id='block_1_12' title="bbox 1030 885 1376 927">
    <p class='ocr_par' dir='ltr' id='par_1_15' title="bbox 1030 885 1376 927">
     <span class='ocr_line' id='line_1_38' title="bbox 1030 885 1376 927; baseline -0.006 -9"><span class='ocrx_word' id='word_1_124' title='bbox 1030 887 1077 918; x_wconf 81' lang='lat' dir='ltr'>In</span> <span class='ocrx_word' id='word_1_125' title='bbox 1102 889 1133 920; x_wconf 80' lang='lat'>2.</span> <span class='ocrx_word' id='word_1_126' title='bbox 1158 885 1376 927; x_wconf 73' lang='lat' dir='ltr'>Vesperis</span> 
     </span>
    </p>
   </div>
   <div class='ocr_carea' id='block_1_13' title="bbox 1081 950 1322 987">
    <p class='ocr_par' dir='ltr' id='par_1_16' title="bbox 1081 950 1322 987">
     <span class='ocr_line' id='line_1_39' title="bbox 1081 950 1322 987; baseline -0.004 -9"><span class='ocrx_word' id='word_1_127' title='bbox 1081 951 1126 978; x_wconf 87' lang='lat' dir='ltr'>Ad</span> <span class='ocrx_word' id='word_1_128' title='bbox 1145 950 1322 987; x_wconf 79' lang='lat' dir='ltr'>Magnificat.</span> 
     </span>
    </p>
   </div>
   <div class='ocr_carea' id='block_1_14' title="bbox 891 999 1447 1411">
    <p class='ocr_par' dir='ltr' id='par_1_17' title="bbox 891 999 1447 1411">
     <span class='ocr_line' id='line_1_40' title="bbox 891 999 1261 1039; baseline -0.008 -7"><span class='ocrx_word' id='word_1_129' title='bbox 891 1002 931 1032; x_wconf 90' lang='lat' dir='ltr'>A.</span> <span class='ocrx_word' id='word_1_130' title='bbox 962 1001 985 1032; x_wconf 96' lang='lat' dir='ltr'>O</span> <span class='ocrx_word' id='word_1_131' title='bbox 1011 1003 1102 1039; x_wconf 85' lang='lat' dir='ltr'>pater</span> <span class='ocrx_word' id='word_1_132' title='bbox 1127 999 1261 1039; x_wconf 86' lang='lat' dir='ltr'>Odgere‚</span> 
     </span>
     <span class='ocr_line' id='line_1_41' title="bbox 963 1048 1244 1079; baseline -0.004 -1"><span class='ocrx_word' id='word_1_133' title='bbox 963 1048 1029 1078; x_wconf 73' lang='lat' dir='ltr'>Nos</span> <span class='ocrx_word' id='word_1_134' title='bbox 1054 1055 1127 1079; x_wconf 83' lang='lat' dir='ltr'>oves</span> <span class='ocrx_word' id='word_1_135' title='bbox 1151 1050 1244 1078; x_wconf 84' lang='lat' dir='ltr'>tuere</span> 
     </span>
     <span class='ocr_line' id='line_1_42' title="bbox 1008 1092 1330 1135; baseline -0.003 -11"><span class='ocrx_word' id='word_1_136' title='bbox 1008 1093 1101 1135; x_wconf 81' lang='lat' dir='ltr'>Tuas,</span> <span class='ocrx_word' id='word_1_137' title='bbox 1129 1092 1330 1132; x_wconf 85' lang='lat' dir='ltr'>venerabilis,</span> 
     </span>
     <span class='ocr_line' id='line_1_43' title="bbox 960 1140 1336 1171; baseline -0.003 0"><span class='ocrx_word' id='word_1_138' title='bbox 960 1140 1011 1171; x_wconf 82' lang='lat' dir='ltr'>Ne</span> <span class='ocrx_word' id='word_1_139' title='bbox 1035 1148 1092 1171; x_wconf 85' lang='lat' dir='ltr'>nos</span> <span class='ocrx_word' id='word_1_140' title='bbox 1116 1140 1149 1171; x_wconf 90' lang='lat' dir='ltr'>in</span> <span class='ocrx_word' id='word_1_141' title='bbox 1175 1142 1336 1171; x_wconf 84' lang='lat' dir='ltr'>aeternum</span> 
     </span>
     <span class='ocr_line' id='line_1_44' title="bbox 962 1185 1330 1218; baseline -0.003 -1"><span class='ocrx_word' id='word_1_142' title='bbox 962 1186 1084 1218; x_wconf 86' lang='lat' dir='ltr'>Trahat</span> <span class='ocrx_word' id='word_1_143' title='bbox 1107 1187 1149 1217; x_wconf 88' lang='lat' dir='ltr'>ad</span> <span class='ocrx_word' id='word_1_144' title='bbox 1173 1185 1330 1217; x_wconf 83' lang='lat' dir='ltr'>infernum</span> 
     </span>
     <span class='ocr_line' id='line_1_45' title="bbox 1013 1232 1361 1273; baseline 0 -10"><span class='ocrx_word' id='word_1_145' title='bbox 1013 1232 1121 1273; x_wconf 90' lang='lat' dir='ltr'>Lupus</span> <span class='ocrx_word' id='word_1_146' title='bbox 1147 1232 1361 1271; x_wconf 76' lang='lat' dir='ltr'>exsecrabiliS‚</span> 
     </span>
     <span class='ocr_line' id='line_1_46' title="bbox 962 1279 1447 1319; baseline -0.004 -7"><span class='ocrx_word' id='word_1_147' title='bbox 962 1279 1028 1312; x_wconf 84' lang='lat' dir='ltr'>Sed</span> <span class='ocrx_word' id='word_1_148' title='bbox 1053 1282 1126 1319; x_wconf 85' lang='lat' dir='ltr'>post</span> <span class='ocrx_word' id='word_1_149' title='bbox 1149 1281 1228 1311; x_wconf 86' lang='lat' dir='ltr'>haec</span> <span class='ocrx_word' id='word_1_150' title='bbox 1251 1280 1293 1311; x_wconf 87' lang='lat' dir='ltr'>ad</span> <span class='ocrx_word' id='word_1_151' title='bbox 1319 1279 1447 1311; x_wconf 87' lang='lat' dir='ltr'>chorum</span> 
     </span>
     <span class='ocr_line' id='line_1_47' title="bbox 962 1327 1313 1369; baseline -0.003 -11"><span class='ocrx_word' id='word_1_152' title='bbox 962 1327 1029 1359; x_wconf 85' lang='lat' dir='ltr'>Nos</span> <span class='ocrx_word' id='word_1_153' title='bbox 1056 1328 1117 1358; x_wconf 89' lang='lat' dir='ltr'>duc</span> <span class='ocrx_word' id='word_1_154' title='bbox 1141 1327 1313 1369; x_wconf 82' lang='lat' dir='ltr'>beatorum⁷</span> 
     </span>
     <span class='ocr_line' id='line_1_48' title="bbox 1012 1372 1378 1411; baseline 0.005 -7"><span class='ocrx_word' id='word_1_155' title='bbox 1012 1372 1071 1411; x_wconf 80' lang='lat' dir='ltr'>Qui</span> <span class='ocrx_word' id='word_1_156' title='bbox 1095 1376 1142 1404; x_wconf 84' lang='lat' dir='ltr'>est</span> <span class='ocrx_word' id='word_1_157' title='bbox 1169 1372 1378 1406; x_wconf 81' lang='lat' dir='ltr'>delectabilis,</span> 
     </span>
    </p>
   </div>
   <div class='ocr_carea' id='block_1_15' title="bbox 221 1434 1516 1539">
    <p class='ocr_par' dir='ltr' id='par_1_18' title="bbox 221 1434 1516 1539">
     <span class='ocr_line' id='line_1_49' title="bbox 296 1434 1507 1472; baseline 0.001 -8"><span class='ocrx_word' id='word_1_158' title='bbox 296 1438 414 1472; x_wconf 87' lang='lat' dir='ltr'>Antiph.</span> <span class='ocrx_word' id='word_1_159' title='bbox 434 1446 487 1465; x_wconf 87' lang='lat' dir='ltr'>ms.</span> <span class='ocrx_word' id='word_1_160' title='bbox 507 1438 641 1465; x_wconf 88' lang='lat' dir='ltr'>Lonense</span> <span class='ocrx_word' id='word_1_161' title='bbox 663 1438 732 1464; x_wconf 84' lang='lat' dir='ltr'>anni</span> <span class='ocrx_word' id='word_1_162' title='bbox 760 1434 839 1464; x_wconf 83' lang='lat'>1478.</span> <span class='ocrx_word' id='word_1_163' title='bbox 859 1436 894 1463; x_wconf 83' lang='lat' dir='ltr'>A.</span> <span class='ocrx_word' id='word_1_164' title='bbox 914 1450 949 1456; x_wconf 90' lang='lat'>-—</span> <span class='ocrx_word' id='word_1_165' title='bbox 971 1437 1091 1472; x_wconf 86' lang='lat' dir='ltr'>Antiph.</span> <span class='ocrx_word' id='word_1_166' title='bbox 1111 1446 1163 1463; x_wconf 79' lang='lat' dir='ltr'>ms.</span> <span class='ocrx_word' id='word_1_167' title='bbox 1179 1437 1323 1465; x_wconf 84' lang='lat' dir='ltr'>Lonense.</span> <span class='ocrx_word' id='word_1_168' title='bbox 1348 1447 1370 1465; x_wconf 90' lang='lat' dir='ltr'>s.</span> <span class='ocrx_word' id='word_1_169' title='bbox 1391 1447 1419 1465; x_wconf 84' lang='lat' dir='ltr'>n.</span> <span class='ocrx_word' id='word_1_170' title='bbox 1440 1446 1507 1465; x_wconf 74' lang='lat' dir='ltr'>saec</span> 
     </span>
     <span class='ocr_line' id='line_1_50' title="bbox 221 1473 1516 1509; baseline 0 -7"><span class='ocrx_word' id='word_1_171' title='bbox 221 1474 266 1502; x_wconf 37' lang='lat'>112.</span> <span class='ocrx_word' id='word_1_172' title='bbox 279 1475 312 1502; x_wconf 90' lang='lat' dir='ltr'>B.</span> <span class='ocrx_word' id='word_1_173' title='bbox 332 1476 521 1502; x_wconf 66' lang='lat' dir='ltr'>—I1esarten</span> <span class='ocrx_word' id='word_1_174' title='bbox 540 1476 637 1502; x_wconf 81' lang='lat' dir='ltr'>bieten</span> <span class='ocrx_word' id='word_1_175' title='bbox 659 1475 705 1501; x_wconf 87' lang='lat' dir='ltr'>die</span> <span class='ocrx_word' id='word_1_176' title='bbox 726 1474 830 1501; x_wconf 73' lang='lat' dir='ltr'>beiden</span> <span class='ocrx_word' id='word_1_177' title='bbox 845 1473 967 1506; x_wconf 76' lang='lat' dir='ltr'>Quellen</span> <span class='ocrx_word' id='word_1_178' title='bbox 986 1474 1079 1509; x_wconf 84' lang='lat' dir='ltr'>nicht;</span> <span class='ocrx_word' id='word_1_179' title='bbox 1102 1476 1126 1501; x_wconf 79' lang='lat' dir='ltr'>B</span> <span class='ocrx_word' id='word_1_180' title='bbox 1147 1476 1187 1501; x_wconf 82' lang='lat' dir='ltr'>ist</span> <span class='ocrx_word' id='word_1_181' title='bbox 1206 1475 1276 1502; x_wconf 82' lang='lat' dir='ltr'>aber</span> <span class='ocrx_word' id='word_1_182' title='bbox 1289 1475 1516 1509; x_wconf 69' lang='lat' dir='ltr'>unvossst&#39;z&#39;mdig.</span> 
     </span>
     <span class='ocr_line' id='line_1_51' title="bbox 223 1510 1501 1539; baseline -0.002 -1"><span class='ocrx_word' id='word_1_183' title='bbox 223 1512 318 1539; x_wconf 86' lang='lat' dir='ltr'>indem</span> <span class='ocrx_word' id='word_1_184' title='bbox 339 1520 369 1538; x_wconf 86' lang='lat' dir='ltr'>es</span> <span class='ocrx_word' id='word_1_185' title='bbox 389 1513 444 1539; x_wconf 87' lang='lat' dir='ltr'>mit</span> <span class='ocrx_word' id='word_1_186' title='bbox 462 1513 513 1539; x_wconf 83' lang='lat' dir='ltr'>der</span> <span class='ocrx_word' id='word_1_187' title='bbox 532 1512 637 1538; x_wconf 74' lang='lat' dir='ltr'>:hutten</span> <span class='ocrx_word' id='word_1_188' title='bbox 657 1512 791 1539; x_wconf 78' lang='lat' dir='ltr'>Nocturn</span> <span class='ocrx_word' id='word_1_189' title='bbox 810 1510 948 1538; x_wconf 82' lang='lat' dir='ltr'>schliesst.</span> <span class='ocrx_word' id='word_1_190' title='bbox 1494 1510 1501 1511; x_wconf 57' lang='grc'><em>’</em></span> 
     </span>
    </p>
   </div>
   <div class='ocr_carea' id='block_1_16' title="bbox 668 1600 1068 1633">
    <p class='ocr_par' dir='ltr' id='par_1_19' title="bbox 668 1600 1068 1633">
     <span class='ocr_line' id='line_1_52' title="bbox 668 1600 1068 1633; baseline 0 -1"><span class='ocrx_word' id='word_1_191' title='bbox 668 1600 715 1632; x_wconf 84' lang='grc'>34.</span> <span class='ocrx_word' id='word_1_192' title='bbox 746 1600 789 1631; x_wconf 83' lang='lat' dir='ltr'>Dc</span> <span class='ocrx_word' id='word_1_193' title='bbox 806 1602 916 1632; x_wconf 83' lang='lat' dir='ltr'>sancta</span> <span class='ocrx_word' id='word_1_194' title='bbox 936 1601 1068 1633; x_wconf 84' lang='lat' dir='ltr'>Odrada.</span> 
     </span>
    </p>
   </div>
   <div class='ocr_carea' id='block_1_17' title="bbox 359 1670 697 1710">
    <p class='ocr_par' dir='ltr' id='par_1_20' title="bbox 359 1670 697 1710">
     <span class='ocr_line' id='line_1_53' title="bbox 359 1670 697 1710; baseline 0.003 -8"><span class='ocrx_word' id='word_1_195' title='bbox 359 1671 405 1702; x_wconf 92' lang='lat' dir='ltr'>In</span> <span class='ocrx_word' id='word_1_196' title='bbox 430 1670 461 1703; x_wconf 86' lang='lat'>1.</span> <span class='ocrx_word' id='word_1_197' title='bbox 487 1670 697 1710; x_wconf 84' lang='lat' dir='ltr'>Vesperis.</span> 
     </span>
    </p>
   </div>
   <div class='ocr_carea' id='block_1_18' title="bbox 434 1742 628 1779">
    <p class='ocr_par' dir='ltr' id='par_1_21' title="bbox 434 1742 628 1779">
     <span class='ocr_line' id='line_1_54' title="bbox 434 1742 628 1779; baseline 0 -10"><span class='ocrx_word' id='word_1_198' title='bbox 434 1742 628 1779; x_wconf 80' lang='lat' dir='ltr'>Antiphonae.</span> 
     </span>
    </p>
   </div>
   <div class='ocr_carea' id='block_1_19' title="bbox 241 1799 780 2073">
    <p class='ocr_par' dir='ltr' id='par_1_22' title="bbox 241 1799 780 2073">
     <span class='ocr_line' id='line_1_55' title="bbox 241 1799 719 1841; baseline 0 -9"><span class='ocrx_word' id='word_1_199' title='bbox 241 1801 272 1832; x_wconf 80' lang='lat'>1.</span> <span class='ocrx_word' id='word_1_200' title='bbox 301 1799 403 1831; x_wconf 82' lang='lat' dir='ltr'>Adest</span> <span class='ocrx_word' id='word_1_201' title='bbox 428 1800 494 1831; x_wconf 87' lang='lat' dir='ltr'>dies</span> <span class='ocrx_word' id='word_1_202' title='bbox 519 1800 719 1841; x_wconf 78' lang='lat' dir='ltr'>laetabunda,</span> 
     </span>
     <span class='ocr_line' id='line_1_56' title="bbox 296 1847 717 1887; baseline 0.002 -9"><span class='ocrx_word' id='word_1_203' title='bbox 296 1847 407 1878; x_wconf 88' lang='lat' dir='ltr'>Vitans</span> <span class='ocrx_word' id='word_1_204' title='bbox 432 1847 549 1878; x_wconf 85' lang='lat' dir='ltr'>saeculi</span> <span class='ocrx_word' id='word_1_205' title='bbox 572 1848 717 1887; x_wconf 88' lang='lat' dir='ltr'>iucunda,</span> 
     </span>
     <span class='ocr_line' id='line_1_57' title="bbox 294 1893 660 1926; baseline -0.003 0"><span class='ocrx_word' id='word_1_206' title='bbox 294 1893 450 1926; x_wconf 88' lang='lat' dir='ltr'>Vitiorum</span> <span class='ocrx_word' id='word_1_207' title='bbox 476 1894 516 1925; x_wconf 89' lang='lat' dir='ltr'>de</span> <span class='ocrx_word' id='word_1_208' title='bbox 537 1894 660 1926; x_wconf 85' lang='lat' dir='ltr'>sentina</span> 
     </span>
     <span class='ocr_line' id='line_1_58' title="bbox 295 1940 780 1983; baseline 0.002 -11"><span class='ocrx_word' id='word_1_209' title='bbox 295 1940 413 1972; x_wconf 88' lang='lat' dir='ltr'>Trahat</span> <span class='ocrx_word' id='word_1_210' title='bbox 438 1949 494 1971; x_wconf 91' lang='lat' dir='ltr'>nos</span> <span class='ocrx_word' id='word_1_211' title='bbox 515 1940 593 1971; x_wconf 86' lang='lat' dir='ltr'>haee</span> <span class='ocrx_word' id='word_1_212' title='bbox 615 1941 780 1983; x_wconf 84' lang='lat' dir='ltr'>medicina,</span> 
     </span>
     <span class='ocr_line' id='line_1_59' title="bbox 297 1987 731 2030; baseline 0.002 -12"><span class='ocrx_word' id='word_1_213' title='bbox 297 1987 392 2026; x_wconf 84' lang='lat' dir='ltr'>Virgo</span> <span class='ocrx_word' id='word_1_214' title='bbox 417 1990 535 2026; x_wconf 84' lang='lat' dir='ltr'>sancta,</span> <span class='ocrx_word' id='word_1_215' title='bbox 560 1988 638 2019; x_wconf 89' lang='lat' dir='ltr'>odor</span> <span class='ocrx_word' id='word_1_216' title='bbox 662 1988 731 2030; x_wconf 86' lang='lat' dir='ltr'>Dei,</span> 
     </span>
     <span class='ocr_line' id='line_1_60' title="bbox 294 2033 765 2073; baseline 0.004 -8"><span class='ocrx_word' id='word_1_217' title='bbox 294 2033 343 2065; x_wconf 89' lang='lat' dir='ltr'>Ne</span> <span class='ocrx_word' id='word_1_218' title='bbox 368 2034 550 2065; x_wconf 80' lang='lat' dir='ltr'>damnemur</span> <span class='ocrx_word' id='word_1_219' title='bbox 574 2034 684 2073; x_wconf 85' lang='lat' dir='ltr'>culpae</span> <span class='ocrx_word' id='word_1_220' title='bbox 707 2035 765 2068; x_wconf 90' lang='lat' dir='ltr'>rei.</span> 
     </span>
    </p>
   </div>
   <div class='ocr_carea' id='block_1_20' title="bbox 238 2108 817 2377">
    <p class='ocr_par' dir='ltr' id='par_1_23' title="bbox 238 2108 817 2292">
     <span class='ocr_line' id='line_1_61' title="bbox 238 2108 716 2148; baseline 0 -8"><span class='ocrx_word' id='word_1_221' title='bbox 238 2110 268 2140; x_wconf 88' lang='lat'>2.</span> <span class='ocrx_word' id='word_1_222' title='bbox 295 2109 437 2140; x_wconf 87' lang='lat' dir='ltr'>Prudens</span> <span class='ocrx_word' id='word_1_223' title='bbox 462 2110 550 2148; x_wconf 85' lang='lat' dir='ltr'>virgo</span> <span class='ocrx_word' id='word_1_224' title='bbox 573 2108 716 2148; x_wconf 80' lang='lat' dir='ltr'>vigilavit</span> 
     </span>
     <span class='ocr_line' id='line_1_62' title="bbox 296 2155 817 2196; baseline 0.002 -9"><span class='ocrx_word' id='word_1_225' title='bbox 296 2155 449 2194; x_wconf 78' lang='lat' dir='ltr'>Sponsum</span> <span class='ocrx_word' id='word_1_226' title='bbox 474 2164 606 2196; x_wconf 84' lang='lat' dir='ltr'>sequens</span> <span class='ocrx_word' id='word_1_227' title='bbox 632 2159 664 2187; x_wconf 86' lang='lat' dir='ltr'>et</span> <span class='ocrx_word' id='word_1_228' title='bbox 685 2157 817 2189; x_wconf 83' lang='lat' dir='ltr'>intravit</span> 
     </span>
     <span class='ocr_line' id='line_1_63' title="bbox 296 2202 714 2244; baseline 0.005 -11"><span class='ocrx_word' id='word_1_229' title='bbox 296 2202 425 2233; x_wconf 88' lang='lat' dir='ltr'>Ianuam</span> <span class='ocrx_word' id='word_1_230' title='bbox 451 2203 594 2235; x_wconf 83' lang='lat' dir='ltr'>caelestis</span> <span class='ocrx_word' id='word_1_231' title='bbox 620 2204 714 2244; x_wconf 74' lang='lat' dir='ltr'>vitae,</span> 
     </span>
     <span class='ocr_line' id='line_1_64' title="bbox 300 2247 719 2292; baseline 0.007 -13"><span class='ocrx_word' id='word_1_232' title='bbox 300 2247 416 2280; x_wconf 86' lang='lat' dir='ltr'>Carens</span> <span class='ocrx_word' id='word_1_233' title='bbox 441 2250 523 2281; x_wconf 90' lang='lat' dir='ltr'>omni</span> <span class='ocrx_word' id='word_1_234' title='bbox 548 2250 631 2282; x_wconf 86' lang='lat' dir='ltr'>mala</span> <span class='ocrx_word' id='word_1_235' title='bbox 655 2251 719 2292; x_wconf 85' lang='lat' dir='ltr'>lite,</span> 
     </span>
    </p>

    <p class='ocr_par' dir='ltr' id='par_1_24' title="bbox 295 2295 714 2377">
     <span class='ocr_line' id='line_1_65' title="bbox 296 2295 630 2335; baseline 0.006 -9"><span class='ocrx_word' id='word_1_236' title='bbox 296 2295 361 2327; x_wconf 81' lang='lat' dir='ltr'>Vas</span> <span class='ocrx_word' id='word_1_237' title='bbox 384 2296 538 2335; x_wconf 73' lang='lat' dir='ltr'>repletum</span> <span class='ocrx_word' id='word_1_238' title='bbox 562 2298 630 2329; x_wconf 77' lang='lat' dir='ltr'>cieo</span> 
     </span>
     <span class='ocr_line' id='line_1_66' title="bbox 295 2342 714 2377; baseline 0.01 -5"><span class='ocrx_word' id='word_1_239' title='bbox 295 2342 418 2373; x_wconf 88' lang='lat' dir='ltr'>Tenens</span> <span class='ocrx_word' id='word_1_240' title='bbox 443 2343 551 2375; x_wconf 87' lang='lat' dir='ltr'>mundi</span> <span class='ocrx_word' id='word_1_241' title='bbox 571 2345 714 2377; x_wconf 90' lang='lat' dir='ltr'>termino.</span> 
     </span>
    </p>
   </div>
   <div class='ocr_carea' id='block_1_21' title="bbox 908 1672 1516 1992">
    <p class='ocr_par' dir='ltr' id='par_1_25' title="bbox 908 1672 1516 1992">
     <span class='ocr_line' id='line_1_67' title="bbox 908 1672 1403 1714; baseline 0.004 -11"><span class='ocrx_word' id='word_1_242' title='bbox 908 1674 937 1704; x_wconf 82' lang='lat'>3.</span> <span class='ocrx_word' id='word_1_243' title='bbox 963 1672 1052 1703; x_wconf 86' lang='lat' dir='ltr'>Haec</span> <span class='ocrx_word' id='word_1_244' title='bbox 1075 1681 1191 1713; x_wconf 85' lang='lat' dir='ltr'>sagena</span> <span class='ocrx_word' id='word_1_245' title='bbox 1215 1674 1282 1705; x_wconf 86' lang='lat' dir='ltr'>Deo</span> <span class='ocrx_word' id='word_1_246' title='bbox 1308 1675 1403 1714; x_wconf 84' lang='lat' dir='ltr'>plena</span> 
     </span>
     <span class='ocr_line' id='line_1_68' title="bbox 964 1719 1373 1753; baseline 0.007 -3"><span class='ocrx_word' id='word_1_247' title='bbox 964 1719 1057 1750; x_wconf 78' lang='lat' dir='ltr'>Misit</span> <span class='ocrx_word' id='word_1_248' title='bbox 1080 1723 1148 1752; x_wconf 86' lang='lat' dir='ltr'>rete</span> <span class='ocrx_word' id='word_1_249' title='bbox 1171 1722 1268 1752; x_wconf 84' lang='lat' dir='ltr'>maris</span> <span class='ocrx_word' id='word_1_250' title='bbox 1293 1730 1373 1753; x_wconf 87' lang='lat' dir='ltr'>vena</span> 
     </span>
     <span class='ocr_line' id='line_1_69' title="bbox 966 1765 1516 1810; baseline 0.007 -13"><span class='ocrx_word' id='word_1_251' title='bbox 966 1765 1038 1798; x_wconf 86' lang='lat' dir='ltr'>Non</span> <span class='ocrx_word' id='word_1_252' title='bbox 1062 1771 1253 1810; x_wconf 83' lang='lat' dir='ltr'>corruptum,</span> <span class='ocrx_word' id='word_1_253' title='bbox 1280 1769 1337 1800; x_wconf 88' lang='lat' dir='ltr'>sed</span> <span class='ocrx_word' id='word_1_254' title='bbox 1355 1771 1516 1801; x_wconf 88' lang='lat' dir='ltr'>construc-</span> 
     </span>
     <span class='ocr_line' id='line_1_70' title="bbox 1290 1818 1367 1857; baseline 0.013 -11"><span class='ocrx_word' id='word_1_255' title='bbox 1290 1818 1367 1857; x_wconf 76' lang='lat' dir='ltr'>tum=</span> 
     </span>
     <span class='ocr_line' id='line_1_71' title="bbox 967 1859 1385 1901; baseline 0.012 -11"><span class='ocrx_word' id='word_1_256' title='bbox 967 1859 1102 1892; x_wconf 85' lang='lat' dir='ltr'>Deitatis</span> <span class='ocrx_word' id='word_1_257' title='bbox 1127 1871 1220 1893; x_wconf 88' lang='lat' dir='ltr'>manu</span> <span class='ocrx_word' id='word_1_258' title='bbox 1247 1863 1385 1901; x_wconf 82' lang='lat' dir='ltr'>ductum,</span> 
     </span>
     <span class='ocr_line' id='line_1_72' title="bbox 968 1906 1446 1948; baseline 0.01 -11"><span class='ocrx_word' id='word_1_259' title='bbox 968 1906 1130 1940; x_wconf 88' lang='lat' dir='ltr'>Prendens</span> <span class='ocrx_word' id='word_1_260' title='bbox 1154 1916 1279 1948; x_wconf 87' lang='lat' dir='ltr'>semper</span> <span class='ocrx_word' id='word_1_261' title='bbox 1304 1911 1446 1942; x_wconf 90' lang='lat' dir='ltr'>studiose</span> 
     </span>
     <span class='ocr_line' id='line_1_73' title="bbox 969 1953 1426 1992; baseline 0.013 -9"><span class='ocrx_word' id='word_1_262' title='bbox 969 1953 1054 1992; x_wconf 83' lang='lat' dir='ltr'>Opus</span> <span class='ocrx_word' id='word_1_263' title='bbox 1078 1954 1192 1986; x_wconf 86' lang='lat' dir='ltr'>bonum</span> <span class='ocrx_word' id='word_1_264' title='bbox 1218 1965 1280 1988; x_wconf 85' lang='lat' dir='ltr'>non</span> <span class='ocrx_word' id='word_1_265' title='bbox 1306 1957 1426 1990; x_wconf 80' lang='lat' dir='ltr'>dolose.</span> 
     </span>
    </p>
   </div>
   <div class='ocr_carea' id='block_1_22' title="bbox 910 2008 1489 2283">
    <p class='ocr_par' dir='ltr' id='par_1_26' title="bbox 910 2008 1489 2283">
     <span class='ocr_line' id='line_1_74' title="bbox 910 2008 1419 2057; baseline 0.014 -18"><span class='ocrx_word' id='word_1_266' title='bbox 910 2011 941 2040; x_wconf 88' lang='lat'>4.</span> <span class='ocrx_word' id='word_1_267' title='bbox 967 2008 1072 2048; x_wconf 81' lang='lat' dir='ltr'>Digna</span> <span class='ocrx_word' id='word_1_268' title='bbox 1094 2010 1189 2043; x_wconf 86' lang='lat' dir='ltr'>laude</span> <span class='ocrx_word' id='word_1_269' title='bbox 1213 2013 1255 2043; x_wconf 91' lang='lat' dir='ltr'>sit</span> <span class='ocrx_word' id='word_1_270' title='bbox 1280 2014 1419 2057; x_wconf 80' lang='lat' dir='ltr'>Odrada,</span> 
     </span>
     <span class='ocr_line' id='line_1_75' title="bbox 971 2054 1489 2096; baseline 0.015 -10"><span class='ocrx_word' id='word_1_271' title='bbox 971 2054 1112 2088; x_wconf 80' lang='lat' dir='ltr'>Granum</span> <span class='ocrx_word' id='word_1_272' title='bbox 1136 2066 1242 2090; x_wconf 82' lang='lat' dir='ltr'>serens</span> <span class='ocrx_word' id='word_1_273' title='bbox 1267 2061 1359 2091; x_wconf 89' lang='lat' dir='ltr'>metit</span> <span class='ocrx_word' id='word_1_274' title='bbox 1382 2060 1489 2096; x_wconf 81' lang='lat' dir='ltr'>blada.</span> 
     </span>
     <span class='ocr_line' id='line_1_76' title="bbox 971 2101 1444 2147; baseline 0.019 -15"><span class='ocrx_word' id='word_1_275' title='bbox 971 2101 1128 2141; x_wconf 78' lang='lat' dir='ltr'>spernens</span> <span class='ocrx_word' id='word_1_276' title='bbox 1154 2105 1231 2137; x_wconf 82' lang='lat' dir='ltr'>haec</span> <span class='ocrx_word' id='word_1_277' title='bbox 1256 2109 1444 2147; x_wconf 80' lang='lat' dir='ltr'>negotiatrix</span> 
     </span>
     <span class='ocr_line' id='line_1_77' title="bbox 969 2148 1440 2193; baseline 0.019 -14"><span class='ocrx_word' id='word_1_278' title='bbox 969 2148 1083 2181; x_wconf 83' lang='lat' dir='ltr'>Mundi</span> <span class='ocrx_word' id='word_1_279' title='bbox 1108 2159 1194 2191; x_wconf 84' lang='lat' dir='ltr'>opes,</span> <span class='ocrx_word' id='word_1_280' title='bbox 1220 2154 1308 2193; x_wconf 81' lang='lat' dir='ltr'>larga</span> <span class='ocrx_word' id='word_1_281' title='bbox 1335 2156 1440 2187; x_wconf 74' lang='lat' dir='ltr'>datrix</span> 
     </span>
     <span class='ocr_line' id='line_1_78' title="bbox 969 2196 1416 2241; baseline 0.02 -16"><span class='ocrx_word' id='word_1_282' title='bbox 969 2196 1057 2237; x_wconf 82' lang='lat' dir='ltr'>Agro</span> <span class='ocrx_word' id='word_1_283' title='bbox 1083 2197 1188 2231; x_wconf 88' lang='lat' dir='ltr'>celans</span> <span class='ocrx_word' id='word_1_284' title='bbox 1212 2203 1416 2241; x_wconf 85' lang='lat' dir='ltr'>margaritam</span> 
     </span>
     <span class='ocr_line' id='line_1_79' title="bbox 972 2242 1391 2283; baseline 0.021 -10"><span class='ocrx_word' id='word_1_285' title='bbox 972 2242 1175 2282; x_wconf 86' lang='lat' dir='ltr'>Comparavit</span> <span class='ocrx_word' id='word_1_286' title='bbox 1198 2247 1259 2278; x_wconf 89' lang='lat' dir='ltr'>sibi</span> <span class='ocrx_word' id='word_1_287' title='bbox 1284 2249 1391 2283; x_wconf 80' lang='lat' dir='ltr'>vitam.</span> 
     </span>
    </p>
   </div>
   <div class='ocr_carea' id='block_1_23' title="bbox 914 2299 1426 2391">
    <p class='ocr_par' dir='ltr' id='par_1_27' title="bbox 914 2299 1426 2391">
     <span class='ocr_line' id='line_1_80' title="bbox 914 2299 1426 2346; baseline 0.014 -15"><span class='ocrx_word' id='word_1_288' title='bbox 914 2301 943 2331; x_wconf 83' lang='lat'>5.</span> <span class='ocrx_word' id='word_1_289' title='bbox 967 2299 1052 2333; x_wconf 79' lang='lat' dir='ltr'>Nata</span> <span class='ocrx_word' id='word_1_290' title='bbox 1076 2308 1182 2340; x_wconf 83' lang='lat' dir='ltr'>regum</span> <span class='ocrx_word' id='word_1_291' title='bbox 1208 2304 1309 2344; x_wconf 86' lang='lat' dir='ltr'>stirpe</span> <span class='ocrx_word' id='word_1_292' title='bbox 1332 2306 1426 2346; x_wconf 87' lang='lat' dir='ltr'>bona,</span> 
     </span>
     <span class='ocr_line' id='line_1_81' title="bbox 970 2347 1415 2391; baseline 0.013 -12"><span class='ocrx_word' id='word_1_293' title='bbox 970 2347 1067 2386; x_wconf 82' lang='lat' dir='ltr'>Virgo</span> <span class='ocrx_word' id='word_1_294' title='bbox 1093 2347 1221 2391; x_wconf 87' lang='lat' dir='ltr'>Christi,</span> <span class='ocrx_word' id='word_1_295' title='bbox 1247 2350 1310 2382; x_wconf 90' lang='lat' dir='ltr'>Dei</span> <span class='ocrx_word' id='word_1_296' title='bbox 1333 2361 1415 2385; x_wconf 86' lang='lat' dir='ltr'>zona</span> 
     </span>
    </p>
   </div>
  </div>
 </body>
</html>
