1655 2534
224 845 254 879 1.

229 1235 258 1266 3.

726 118 979 155 —218—

282 221 332 254 Tu
345 219 446 251 clarus
461 217 604 250 doctrina
613 220 645 248 et
652 216 825 255 miraculis,

282 267 347 299 Nos
370 267 444 299 iuva
466 264 622 305 suffragiis
647 263 775 296 sedulis.

346 360 407 392 Ad
430 358 691 391 Matutinum.

412 433 626 461 invitatorium.

284 491 441 524 Christum
470 497 574 529 regem
600 488 696 520 corde
718 490 750 518 et
774 494 829 518 ore

330 538 501 577 psallentes
527 535 748 574 collaudemus,

284 584 360 617 Cum
386 583 527 622 apostolo
552 581 671 614 Thoma

329 629 510 662 confitentes
532 627 707 660 adoremus.

340 716 384 746 In
411 713 441 745 1.
467 712 697 744 Nocturno.

419 786 612 822 Antiphonae.

280 845 414 877 Thomas
440 845 596 875 errantem
620 842 744 874 Indiam

330 891 448 924 Christi
471 889 566 921 fidem
589 888 748 929 instruxit,

284 937 414 970 Donans
438 936 588 975 baptismi
612 935 744 975 gratiam

330 985 383 1016 Ad
403 984 504 1015 Deum
528 983 641 1014 multos
665 980 823 1021 perduxit.

283 1040 440 1072 Passionis
471 1038 644 1070 dominicae

327 1086 415 1119 Bibit
437 1086 572 1117 Thomas
598 1085 736 1123 calicem,

284 1133 368 1165 Civis
393 1133 483 1164 aulae
507 1132 666 1170 angelicae

330 1178 551 1218 Apprehendit
575 1178 706 1217 apicem.

285 1236 337 1267 Ad
362 1235 458 1266 Indos
481 1234 530 1264 ire
553 1234 741 1265 renitentem

332 1281 482 1313 Dominus
492 1280 623 1312 misitad
630 1279 824 1321 salvandum,

280 1328 333 1360 Ibi
358 1328 510 1367 populum
536 1327 715 1359 credentem

332 1374 375 1406 Et
398 1375 432 1405 in
457 1373 551 1405 caelis
574 1372 801 1405 collocandum.

417 1447 621 1482 Responsoria.

254 1531 260 1537 .
287 1504 392 1536 Sancti
414 1504 552 1535 Thomae
581 1504 716 1543 apostoli

282 1550 470 1583 Veneranda
493 1550 658 1582 sollemnia

285 1596 413 1629 Fideles
439 1596 598 1628 celebrent
620 1596 729 1636 populi

284 1645 361 1676 Cum
388 1644 500 1675 devota
522 1643 662 1682 laetitia;

286 1690 323 1722 In
347 1691 408 1721 hac
431 1690 482 1721 die
505 1689 714 1729 decantemuS,

286 1737 411 1768 Laudes
437 1736 561 1768 Christo
584 1736 760 1768 iubilemus.

287 1793 422 1825 Thomas
447 1801 466 1823 a
491 1791 615 1824 Christo
642 1792 773 1823 dilectus

284 1838 322 1871 In
346 1839 470 1872 Indiam
495 1841 543 1869 est
570 1839 716 1878 directus,

286 1885 331 1918 Ut
361 1888 501 1916 errantes
527 1888 689 1918 convertat
709 1889 826 1926 gentes,

285 1931 398 1964 Fidem
422 1935 540 1963 rectam
565 1932 780 1972 suscipientes,

291 1980 372 2018 Quas
400 1979 441 2010 de
463 1979 562 2010 hostis
585 1979 677 2011 fauce
702 1979 784 2010 eruit

284 2025 328 2057 Et
353 2025 500 2065 baptismi
525 2024 612 2057 fonte
635 2025 744 2058 abluit.

252 2108 259 2115 .
283 2082 493 2114 Praedicante

332 2128 490 2160 Christum
518 2129 661 2167 apostolo

284 2174 353 2207 Rex
377 2175 501 2207 accedit

332 2231 401 2253 cum
425 2222 509 2255 omni
532 2223 660 2263 populo,

285 2269 327 2300 Se
348 2269 419 2308 iugo
446 2269 564 2301 Christi
587 2270 738 2307 subdidit,

287 2315 462 2348 Contractis
486 2315 628 2355 profanis
651 2316 746 2348 idolis

285 2361 330 2394 Et
352 2362 427 2394 visis
452 2365 500 2394 tot
523 2364 692 2399 miraculis

1012 214 1058 246 In
1083 214 1115 246 2.
1140 212 1370 245 Nocturno.

1092 305 1287 341 Antiphonae.

897 376 927 408 1.
954 374 1061 406 Sancti
1086 373 1225 405 Thomae
1248 370 1391 411 pretiosa.

999 421 1088 452 Mors
1114 423 1163 451 est
1187 427 1292 451 coram
1315 416 1462 458 Domino,

954 468 1049 500 Cuius
1074 465 1156 498 facie
1182 466 1349 498 dulcorosa

1001 514 1131 545 Fruitur
1154 514 1222 544 sine
1246 511 1389 542 termino.

898 582 927 612 2.
951 579 1048 611 Miles
1076 578 1195 610 Christi
1222 580 1253 608 et
1277 576 1396 608 amicus

999 625 1061 657 Est
1084 629 1190 664 gratus
1215 624 1283 656 Deo
1309 622 1481 661 apostolus,

953 673 1038 710 Pius,
1063 671 1149 703 mitis
1175 673 1206 702 et
1226 670 1371 711 pudicuS,

998 720 1064 758 Quo
1091 719 1202 758 culpae
1225 726 1288 749 non
1313 715 1374 747 fuit
1401 716 1504 748 doluS.

897 787 928 818 3.
954 784 1090 817 Vincula
1112 784 1208 816 solvit
1231 783 1409 815 vinctorum

997 831 1042 863 Et
1067 839 1175 862 caecos
1198 829 1366 868 illuminat,

951 877 1081 910 Morbos
1104 880 1194 909 curat
1216 875 1422 915 infirmorum,

998 924 1174 956 Daemones
1201 922 1400 957 exterminat.

1088 1016 1294 1052 Responsoria.

894 1085 925 1118 1.
952 1084 1017 1116 Hic
1041 1084 1201 1122 apostolus
1225 1081 1358 1121 insignis

952 1130 1117 1162 Saeculum
1140 1128 1334 1160 illuminavit

951 1176 1115 1209 Doctrinis
1141 1176 1258 1207 sanctis
1284 1181 1316 1206 et
1341 1174 1438 1214 signis

951 1223 996 1255 Et
1021 1221 1186 1254 defunctos
1211 1221 1388 1261 suscitavit,

882 1271 921 1304 V.
953 1270 1061 1302 Caecis
1086 1271 1188 1301 visum
1211 1270 1413 1308 restauravit,

955 1318 1075 1356 Aegros
1102 1317 1205 1348 varios
1230 1315 1364 1348 sanavit.

895 1384 928 1415 2.
952 1382 1122 1414 Dominum
1145 1381 1359 1413 resurrexisse

954 1429 1091 1460 Thomas
1117 1429 1247 1461 credere
1268 1427 1379 1469 noluit,

954 1476 1064 1507 Donec
1087 1476 1186 1516 ipsius
1210 1478 1342 1515 tangere

949 1522 1037 1554 Loca
1062 1522 1221 1554 clavorum
1245 1521 1369 1564 meruit,

885 1569 921 1601 V.
951 1569 1048 1608 Quem
1074 1568 1212 1601 videndo
1237 1568 1393 1609 adoravit,

954 1615 1039 1647 Deus
1063 1624 1160 1659 meus,
1188 1615 1384 1648 exclamavit.

898 1684 929 1715 3.
955 1682 979 1714 O
1005 1681 1086 1712 mira
1109 1681 1171 1713 Dei
1191 1682 1367 1722 clementia,

954 1728 1013 1767 Qui
1027 1728 1216 1769 discipulum
1230 1738 1293 1760 non
1306 1730 1501 1773 reprobavit,

955 1775 1019 1807 Sed
1042 1775 1178 1816 benigna
1203 1776 1398 1816 paenitentia

956 1823 1010 1854 Ad
1034 1821 1130 1854 fidem
1154 1824 1316 1856 revocavit

885 1869 924 1901 V,
954 1869 999 1901 Et
1021 1869 1130 1902 beatos
1154 1879 1217 1902 non
1242 1871 1387 1902 videntes

955 1916 1036 1947 Esse
1063 1915 1144 1948 dixit
1168 1918 1225 1949 sed
1252 1917 1428 1951 credenteS.

1020 2066 1067 2097 In
1092 2068 1123 2100 3.
1147 2066 1372 2103 Nocturno.

1100 2160 1293 2196 Anffiphouae.

900 2226 934 2257 1.
957 2225 1103 2257 Hostiam
1126 2228 1321 2260 laudabilem

1006 2273 1140 2306 Sanctus
1163 2275 1233 2307 Deo
1258 2274 1421 2319 offerebat,

956 2319 1018 2351 Per
1042 2329 1136 2359 quam
1155 2322 1298 2355 Christus
1315 2324 1506 2363 placabilem

1005 2366 1047 2399 Se
1069 2368 1157 2407 plebi
1182 2370 1361 2404 exhibebat.
