1655 2534
168 159 418 193 2.Iubi1ate
442 161 521 202 Deo,

274 208 421 247 Virgines
450 214 604 251 sacratae,

223 254 268 286 Et
292 254 383 287 nobis
409 256 449 288 ab
476 264 511 287 eo

273 301 387 333 Pacem
411 303 572 342 postulate

225 348 270 380 Et
293 348 358 379 suis
384 349 495 381 ovibus

224 396 377 427 Pascuam
403 396 559 430 omnibus.

165 452 196 484 3.
223 451 353 492 Deus,
382 453 550 493 vigilantes

269 499 313 531 Et
337 499 368 531 in
394 500 557 532 matutinis

219 546 346 578 Laudes
373 547 432 578 tibi
459 547 570 580 dantes

271 592 346 624 Sine
372 593 434 625 fine
458 593 531 625 finis

221 640 308 680 Rege
334 639 483 673 fidelibus

222 687 385 727 Virginum
410 687 568 727 precibus,

164 743 196 775 4.
222 743 479 777 Benedicite
500 744 613 785 Deum,

269 790 337 821 Viri
362 791 551 834 laudabiles,

220 837 265 868 Et
290 841 394 869 amate
419 846 499 877 eum,

267 883 419 916 Feminae
439 884 584 925 humiles,

220 931 263 962 Et
287 931 321 962 in
347 932 493 963 castitate

223 978 286 1009 Vos
312 986 437 1018 semper
458 981 591 1012 servate.

161 1035 194 1068 5.
219 1035 304 1067 Lau
316 1034 412 1066 date
430 1035 610 1077 Dominum,

270 1081 431 1114 Caelestes
456 1082 584 1114 ordines

220 1129 265 1162 Et
290 1128 403 1162 turbae
428 1129 584 1169 virginum

265 1176 310 1208 Et
332 1185 439 1208 omnes
462 1176 615 1217 homines,

834 231 873 265 A.
905 230 1097 263 Benedictus
1123 239 1166 270 es,
1193 241 1249 263 rex
1272 233 1391 272 gloriae

677 66 934 104 -249—

1022 165 1068 192 Ad
1087 165 1270 194 Benedictus.

907 278 965 316 Qui
989 278 1127 317 palmam
1153 278 1304 311 victoriae
1394 259 1401 274 ’

908 325 1035 356 Dedisti
1062 324 1226 365 fragilibus

903 372 946 403 Et
971 379 1079 403 sexum
1105 372 1173 403 sine
1197 373 1316 405 viribus

904 419 1038 450 Vincere
1064 417 1168 450 fecisti

902 465 1072 497 Daemonis
1098 465 1266 505 virtutem;

903 514 1040 551 Quarum
1065 512 1212 552 precibus

902 559 959 591 Pie
984 559 1074 591 nobis
1099 559 1351 600 supplicantibus

902 606 1037 637 Tribuas
1062 607 1203 638 salutem.

971 748 1015 779 In
1039 749 1068 779 2.
1094 747 1314 788 Vesperis.

1019 831 1065 857 Ad
1083 831 1263 866 Magnificat-

865 921 873 928 .
904 896 928 928 Ο
955 894 1032 927 felix
1059 896 1239 938 Germania,

949 942 1026 973 Tam
1054 943 1166 974 decoro
1193 944 1333 983 germine

997 988 1159 1029 Virginum
1184 994 1305 1030 ornata,

899 1036 1000 1067 Beata
1029 1036 1169 1076 Colonia,

947 1083 1090 1115 Pretioso
1115 1084 1267 1124 sanguine

993 1130 1172 1169 Martyrum
1200 1131 1314 1170 dicata,

899 1177 982 1208 Vere
1006 1177 1089 1209 iuste
1112 1179 1147 1208 tu
1168 1177 1308 1219 laetaris,

900 1223 986 1262 Quae
1011 1225 1159 1255 thesauro
1185 1233 1281 1264 super
1303 1234 1379 1257 auro

899 1270 1008 1302 Nobili
1034 1271 1157 1305 ditaris,

223 1345 309 1373 Brev.
329 1345 518 1382 Frisingense
546 1347 615 1381 imp.
637 1345 785 1382 Augustae
812 1342 893 1373 1491.
913 1359 952 1363 —
970 1345 1010 1372 In
1033 1343 1057 1372 1.
1078 1345 1182 1380 Vesp.
1205 1345 1239 1379 R,
1260 1343 1279 1372 4
1298 1353 1360 1381 sqq.
1381 1346 1450 1373 lies:

151 1382 175 1409 Ο
198 1383 279 1410 oliva
299 1391 412 1419 semper
429 1384 512 1417 viva,
539 1383 690 1410 Profluens
712 1383 881 1417 clementia,
911 1383 972 1410 Fac
990 1391 1044 1410 nos
1065 1389 1134 1410 vere
1155 1385 1184 1410 et
1203 1384 1315 1410 sincere
1334 1383 1450 1410 Laudes

148 1422 214 1448 tuas
235 1421 312 1447 etc.‘?
332 1435 369 1440 —
388 1421 431 1448 In
451 1419 476 1447 2.
491 1421 592 1448 Noct.
607 1419 630 1446 Α
646 1419 671 1453 1,
688 1419 702 1448 1
719 1421 877 1448 Dominum
897 1429 976 1456 prae.
990 1435 1026 1440 -
1048 1420 1067 1447 Α
1090 1418 1115 1453 2,
1139 1419 1153 1447 1
1173 1420 1272 1448 Iustis.
1345 1419 1364 1446 R
1389 1419 1413 1454 1,
1434 1419 1451 1448 6

147 1457 266 1486 redietis
287 1458 403 1486 schiitzt
422 1459 475 1486 der
492 1459 585 1487 Reim.
599 1473 639 1478 —
652 1459 714 1486 Das
728 1457 861 1486 Officium
883 1458 996 1486 euthalt
1016 1458 1192 1486 mancherlei
1206 1458 1449 1494 Entlehnungem

145 1504 182 1522 zu
211 1496 312 1524 diesen
336 1497 464 1531 gehfiren
490 1496 564 1524 auch
590 1496 637 1523 die
662 1495 726 1523 hier
752 1495 983 1531 fortgelassenen
1004 1495 1043 1522 ΑΑ
1069 1504 1106 1523 zu
1131 1496 1188 1523 den
1210 1496 1329 1523 kleinen
1349 1497 1451 1524 Horen

145 1534 205 1561 und
232 1535 264 1561 in
284 1532 311 1560 2.
332 1534 421 1570 Vesp.
440 1543 527 1570 super
546 1535 594 1562 Ps.
615 1534 767 1568 Hymnen:
793 1535 825 1561 in
847 1533 999 1569 1.Vesp.:
1025 1534 1212 1562 Hierusalem
1233 1536 1262 1561 et
1278 1533 1349 1561 Sion
1371 1533 1450 1560 filiae

144 1570 239 1603 (Anal.
253 1572 304 1606 IV,
320 1569 399 1608 25o);
415 1572 452 1599 ad
464 1571 597 1608 Complet
615 1582 621 1598 :
640 1571 757 1599 Festum
773 1579 850 1599 nunc
864 1572 977 1599 celebre
990 1570 1087 1605 (Mone
1099 1572 1153 1606 ΠΙ,
1168 1569 1247 1607 531);
1261 1573 1294 1598 in
1307 1569 1334 1598 2.
1343 1572 1448 1607 Vesp.:

145 1609 247 1637 Gaude
267 1609 402 1638 coelestis
425 1611 508 1637 curia
526 1611 624 1646 (Mone
643 1609 696 1644 ΙΙΙ,
718 1608 792 1645 545).

222 1223 268 1256 Ut
292 1223 395 1255 salvet
419 1223 569 1263 populum

221 1270 283 1302 Per
308 1279 399 1303 omne
425 1270 594 1302 saeculum.

604 1711 644 1743 91.
669 1711 714 1742 De
734 1711 842 1743 sancta
862 1711 987 1743 Ursula.

898 1790 962 1823 Sed
989 1790 1063 1823 doni
1088 1789 1175 1821 missi
1202 1790 1332 1822 caelitus

944 1837 1074 1870 Crebris
1099 1835 1230 1879 perfusa
1252 1837 1407 1870 imbribus

354 1876 550 1912 Antiphonae.
990 1885 1096 1917 Alteri
1122 1886 1342 1926 desponsatur.

156 1942 187 1975 1.
213 1941 344 1974 Festum
371 1943 484 1976 beatae
507 1944 645 1977 Ursulae
836 1944 866 1977 3.
893 1942 1058 1974 Britonum
1085 1942 1169 1982 regis
1194 1941 1262 1974 filia

285 1791 330 1823 In
358 1792 387 1825 1.
415 1791 624 1830 VesperiS.

259 1990 310 2022 De
334 1991 436 2031 stirpe
460 1993 555 2024 natae
578 1991 666 2031 regia

305 2038 471 2071 Ecclesiae
495 2041 696 2079 venerantur,

215 2086 277 2118 Per
302 2095 395 2126 quam
420 2086 540 2120 multae
564 2087 750 2118 iuvenculae

258 2133 309 2165 Ex
333 2134 434 2166 nobili
459 2135 610 2174 prosapia

305 2181 359 2213 Ad
386 2181 546 2214 Christum
571 2182 762 2214 adunantur.

151 2239 183 2270 2.
210 2238 312 2278 Regni
339 2238 459 2270 terreni
483 2239 609 2278 penitus

259 2284 455 2326 Contemptis
471 2287 596 2327 pompis
619 2286 763 2318 omnibus

304 2332 395 2365 Haec
421 2333 547 2366 Christo
574 2334 751 2373 dedicatur,

942 1991 1116 2029 Anglorum
1141 1990 1225 2030 regis
1250 1988 1315 2021 filio

987 2037 1108 2077 Insigni
1133 2039 1179 2068 est
1204 2036 1369 2079 promissa,

893 2085 957 2117 Sed
981 2084 1139 2124 Virginum
1166 2084 1299 2124 collegia

938 2129 1130 2164 Huiusmodi
1156 2130 1288 2163 conubio

985 2179 1015 2211 A
1039 2178 1108 2211 Deo
1133 2181 1206 2210 sunt
1229 2178 1368 2219 provisa.

835 2239 867 2270 4.
894 2236 1008 2276 Sicque
1031 2236 1159 2268 undena
1183 2235 1271 2267 milia

941 2282 1086 2316 Undenis
1110 2283 1244 2323 sumptis
1270 2283 1423 2316 classibus

987 2331 1115 2363 Intrant
1136 2340 1224 2364 mare
1247 2340 1396 2373 propere,
