1655 2534
733 132 988 167 —146—

229 233 259 265 6.
286 231 434 264 Studiose
458 229 682 269 congestabant

333 278 510 310 Literarum
535 285 638 316 voces,

284 325 367 364 Quos
391 327 463 364 post
485 323 564 354 mire
588 320 758 362 erogabant

330 371 393 403 Per
417 370 597 410 praeclaros
623 375 735 400 moreS.

422 480 629 515 Responsoria.

231 576 259 607 1.
287 574 311 606 O
337 572 413 604 felix
438 572 572 604 societas

332 619 485 652 Praeiecti
510 621 542 649 et
564 618 716 660 Amarini,

288 666 386 704 Quam
412 665 518 697 divina
542 665 643 703 pietas

333 711 501 743 Coniunxit
524 711 579 750 sic,
605 713 640 742 ut
662 710 728 742 bini

285 758 358 789 Pari
383 756 539 789 desiderio

285 804 418 843 Aequali
440 803 591 842 martyrio

330 850 415 882 Mire
440 852 651 886 coruscarent,

218 899 255 929 V.
285 897 402 928 Mentis
429 898 502 929 dum
526 896 738 928 sinceritatem

287 943 402 975 Hostes
427 952 485 982 per
509 943 709 975 severitatem

334 989 412 1021 Dire
437 989 642 1022 trucidarent.

233 1095 265 1126 2.
289 1092 342 1123 Ex
365 1091 483 1123 illustri
506 1093 690 1130 procreatus

337 1138 491 1178 Sanguine
515 1138 706 1177 PraeiectuS,

290 1184 357 1216 Deo
380 1185 457 1216 mire
482 1184 653 1223 inspiratus

337 1231 478 1263 Iuvenile
502 1233 611 1269 pectus

288 1277 465 1309 Literarum
489 1275 618 1309 fioribus

291 1323 420 1363 Subegit
446 1323 538 1355 claris
562 1323 703 1355 moribus

222 1371 258 1401 V.
288 1370 405 1401 Bibens
431 1370 526 1402 corde
549 1369 720 1410 sitibundo,

292 1416 353 1448 Ore
377 1417 459 1456 quod
484 1419 556 1455 post
580 1416 639 1448 hoc
663 1415 799 1448 facundo

339 1462 511 1494 Distribuit
534 1463 713 1494 maioribus

241 1564 273 1596 3.
298 1563 383 1595 Mire
407 1563 496 1595 fulsit
519 1563 571 1594 hic
594 1564 785 1602 Praeiectus,

293 1610 354 1643 Vir
380 1611 509 1641 devotus
535 1612 567 1640 et
589 1609 749 1648 perfectus

339 1656 464 1687 Morum
488 1659 665 1695 venustate3

295 1701 347 1733 Sic
372 1703 501 1735 devotus
525 1702 704 1741 Amarinus,

297 1748 448 1788 Simplex,
476 1748 559 1778 mitis
585 1751 616 1779 et
641 1747 764 1780 divinus

345 1795 434 1826 Vitae
458 1794 614 1837 puritate3

228 1841 265 1873 V.
293 1840 396 1872 Erant
419 1840 509 1872 ambo
533 1840 601 1872 Deo
628 1840 723 1881 digni,

299 1887 394 1929 Casti,
422 1886 519 1919 fortes
545 1890 576 1918 et
600 1887 726 1927 benigni

345 1935 418 1966 Pari
443 1933 584 1968 caritate.

240 2036 272 2070 4.
297 2035 350 2068 Ad
374 2040 552 2068 sanctorum
575 2039 773 2068 monumenta

343 2083 439 2114 Fiunt
463 2082 620 2114 mirabilia

297 2128 341 2160 Et
364 2130 514 2161 virtutum
534 2130 727 2162 incrementa

344 2176 581 2216 Inenarrabilia,

229 2221 267 2255 V.
299 2221 405 2253 Caecis
429 2224 523 2262 visus,
550 2224 669 2256 claudis
692 2231 827 2263 gressus,

347 2268 457 2301 Sui-dis
483 2270 608 2301 auditus
632 2269 787 2310 redditur,

301 2314 356 2345 Vir
378 2316 479 2347 illisus
505 2319 536 2347 et
559 2317 704 2349 obsessus

346 2361 466 2401 Horum
489 2372 583 2402 prece
607 2364 748 2397 solvitur.

1026 225 1072 257 In
1096 227 1127 258 2.
1153 222 1373 264 vesperis,

1107 317 1300 353 Antiphonae.

903 376 932 407 1.
959 376 1042 415 Quos
1064 376 1188 407 sincera
1212 374 1327 405 caritas

1005 422 1165 454 Divinitus
1187 421 1299 458 univit,

959 468 1026 500 Hos
1050 468 1179 500 tortoris
1204 466 1314 499 feritas

1007 515 1196 554 Disiungere
1214 512 1367 553 nequivit.

903 572 934 603 2.
959 570 1065 602 Fulsit
1087 569 1165 603 viris
1189 570 1223 601 in
1247 569 1350 601 beatis

959 618 1082 649 Fervor
1105 624 1212 648 merae
1237 614 1402 648 castitatis.

903 674 934 706 3.
959 673 1034 704 Pari
1060 680 1130 706 cum
1156 672 1324 703 devotione

963 719 1037 751 Pari
1060 718 1149 759 passi
1177 722 1252 751 sunt
1276 726 1386 758 agone.

904 777 936 808 4.
962 775 1132 807 Amarinus
1158 777 1205 806 est
1230 775 1365 815 adeptus

1008 822 1127 854 Salutis
1151 820 1346 863 beneficium,

964 869 1047 900 Dum
1068 869 1251 901 Praeiectus
1276 871 1325 899 est
1349 869 1514 906 susceptus

1009 916 1087 947 Eius
1113 916 1153 947 ad
1179 915 1361 955 hospitium.

905 973 936 1005 5.
964 971 1090 1004 Gaudet
1113 971 1227 1012 hospes
1254 974 1286 1002 et
1309 972 1447 1003 laetatur

1009 1018 1153 1060 Hospitis
1178 1019 1327 1058 adventu,

962 1065 1080 1097 Factus
1105 1074 1214 1104 sospes
1239 1064 1416 1105 gratulatur

1011 1113 1128 1145 Salutis
1150 1112 1288 1143 obtentu.

906 1170 937 1201 6.
962 1169 1132 1200 Amarinus
1159 1168 1232 1199 dum
1259 1169 1390 1200 conatur

1009 1215 1126 1247 Hostes
1149 1215 1305 1255 mitigare,

963 1263 993 1293 A
1019 1262 1179 1294 Praeiecto
1203 1262 1386 1301 increpatur

1012 1309 1147 1340 Dicens:
1172 1309 1249 1350 noli,
1276 1316 1349 1340 care

1012 1355 1137 1394 Frater,
1162 1355 1256 1387 modo
1282 1355 1447 1388 retardare

967 1401 1119 1434 Coronam
1144 1401 1235 1433 nobis
1261 1405 1392 1442 gratam,

965 1448 996 1479 A
1020 1448 1088 1480 Deo
1113 1452 1347 1488 praeparatam.

1103 1541 1309 1575 Responsoria.

912 1597 943 1629 1.
968 1597 1050 1628 Dum
1076 1598 1258 1630 Praeiectus
1282 1602 1331 1630 est
1355 1601 1520 1639 susceptus

1014 1644 1186 1676 Laetanter
1210 1646 1252 1676 ad
1277 1646 1458 1686 hospitium,

967 1691 1134 1723 Amarinus
1157 1694 1205 1722 est
1228 1693 1362 1732 adeptus

1016 1737 1134 1770 Salutis
1155 1737 1352 1779 beneficium,

898 1783 938 1815 V.
967 1783 1018 1816 Ex
1041 1784 1158 1816 virtute
1182 1786 1242 1816 iam
1271 1786 1379 1819 divina

968 1831 1073 1870 Aegro
1100 1832 1192 1863 datur
1216 1833 1383 1867 medicina.

911 1887 942 1918 2.
968 1886 993 1918 Ο
1019 1890 1162 1926 pastores
1188 1891 1219 1919 et
1242 1890 1370 1928 patroni

1013 1933 1110 1966 Mites
1135 1937 1167 1965 et
1191 1935 1328 1976 benigni,

968 1979 1135 2023 Rogamus,
1158 1985 1194 2012 ut
1218 1983 1347 2022 superni
1372 1983 1447 2015 boni

1015 2026 1087 2058 Non
1111 2027 1207 2059 simus
1231 2029 1364 2070 indigni,

899 2071 936 2103 V.
967 2071 1031 2104 Sed
1055 2073 1198 2114 heredes,
1226 2078 1449 2110 commensales

968 2119 1075 2151 Vestri
1100 2121 1195 2152 simus
1221 2126 1253 2153 et
1277 2124 1412 2156 sodales.

912 2175 943 2206 3.
970 2174 1054 2206 Dum
1078 2177 1260 2209 Praeiectus
1284 2180 1468 2220 hospitatur

1015 2223 1113 2262 Apud
1137 2225 1332 2267 Amarinum,

969 2267 1077 2309 Febri,
1104 2279 1165 2310 qua
1188 2272 1387 2313 sollicitatur,

969 2316 1138 2349 Amarinus
1163 2327 1236 2350 mox
1262 2322 1390 2352 curatur

1017 2363 1127 2396 Virum
1151 2373 1210 2404 per
1235 2366 1388 2411 divinum,
