1655 2534
737 148 778 153 -
830 126 873 162 12
920 144 968 150 ,-.

221 228 253 259 2.
279 225 354 258 Cum
378 225 509 257 nutricis
535 233 608 257 oves
631 224 728 264 pavit,
1092 217 1298 254 Responsoria.

278 274 411 305 Praeses
434 272 517 304 hanc
538 271 649 302 videns
672 270 789 302 amavit
891 287 923 319 1·
948 285 1076 318 Educta
1099 293 1230 325 praeses
1253 283 1375 323 virgine

277 319 453 358 1mpulsans
478 318 578 361 minis,
605 317 760 359 precibuS,

281 366 343 399 Sed
367 366 424 397 illa
447 367 604 404 tamquam
629 366 769 395 stercora

278 412 391 445 Mundi
415 414 563 451 reputans
590 411 703 443 decora

279 459 443 492 Adhaeret
467 458 586 490 Christi
609 457 739 497 legibus.

238 531 246 538 .
276 505 345 538 Lex
361 505 498 536 Domini
512 503 732 542 immaculata,
750 511 822 534 con-

276 553 396 584 vertens
430 551 575 592 animas,
607 548 822 581 testimonium
878 565 916 597 V.

277 597 414 631 Domini
467 596 573 638 fidele,
627 595 819 635 sapientiam

269 646 443 684 praestans
461 642 620 682 parvulis.

223 747 252 778 3.
279 745 435 777 Tristatus
461 744 556 775 draco
581 744 707 775 territat

277 790 499 830 Margaretam‚
527 790 599 821 dum
623 788 746 829 flagitat

275 837 382 870 Hostis
403 837 511 869 videre
535 835 657 876 faciem,

274 883 333 924 Qui
356 883 522 923 deglutivit
546 883 722 922 tremulam,

277 931 339 962 Sed
363 930 465 961 salvat
489 929 607 962 Christi
630 927 777 961 famulam

278 977 361 1009 Crux
387 976 476 1007 huius
500 976 626 1016 signans
650 977 758 1008 aciem.

238 1050 245 1057 .
276 1023 415 1061 Aperuit
438 1031 534 1062 super
566 1031 636 1053 eam
669 1032 703 1054 os
727 1032 819 1054 suum

276 1072 358 1101 saeut
381 1068 427 1099 leo
450 1069 582 1108 rapiens
608 1072 636 1100 et
658 1069 797 1109 ruyiews.

342 1227 388 1257 In
414 1228 444 1259 2.
471 1226 695 1260 Nocturno.

418 1327 609 1362 Antiphonae.

240 1438 247 1446 .
273 1412 441 1444 Eruetavzt
480 1422 533 1444 cor
567 1415 659 1444 tuum
693 1413 821 1445 verbum

593 1459 722 1497 bonum,

277 1505 393 1537 Christi
417 1505 504 1543 virgo
530 1504 719 1545 Margareta,

275 1552 358 1583 Dum
380 1551 531 1583 virtutum
556 1549 660 1582 fructu
685 1550 751 1583 feta

274 1597 423 1630 Dilexisti
445 1597 606 1635 iustitiam,

279 1645 452 1677 Consecuta
475 1643 627 1675 laetitiam

277 1688 322 1722 Et
345 1690 475 1721 domum
491 1690 600 1729 patris
623 1691 681 1724 tui.

246 1820 253 1827 .
277 1793 367 1824 Deus
389 1794 498 1824 noster
519 1792 692 1833 refu-qiam,

278 1841 385 1879 Arma,
411 1841 532 1870 scutum
556 1839 609 1879 qui
635 1838 788 1880 confregit

275 1886 319 1919 Et
342 1886 375 1916 in
398 1885 529 1917 nihilum
553 1886 676 1926 redegit

278 1932 422 1965 Crudelis
446 1932 545 1964 hostis
567 1933 713 1973 iaculum,

278 1978 324 2012 Ut
347 1978 444 2011 faciat
466 1979 702 2011 tabernaculum

278 2026 382 2059 Suam
406 2025 591 2061 altissimus.

243 2154 251 2162 .
276 2127 504 2162 Fundamenta
528 2129 595 2162 eius

276 2176 386 2210 Posuit
408 2177 441 2208 in
465 2177 530 2209 suis
554 2177 681 2218 sanctis,

279 2221 463 2267 [Montibus]
489 2233 581 2264 quam
601 2223 691 2256 fulsit
710 2224 806 2258 tantis

279 2269 437 2303 Columnis
461 2279 518 2302 rex
542 2274 649 2303 noster
672 2271 787 2312 David,

276 2317 434 2356 Sanguine
457 2326 513 2349 suo
537 2317 683 2352 fundavit

275 2363 363 2397 Eam
387 2363 572 2400 altissimus.

950 332 1071 364 Rursus
1095 341 1177 364 novo
1201 330 1374 364 certamine

950 380 1027 411 Vult
1038 381 1179 411 sanctam
1191 380 1327 410 mentem
1344 375 1501 416 frangere,

949 425 1033 457 Dum
1056 426 1220 465 lampades
1245 425 1287 457 ad
1311 424 1415 455 latera

950 473 1128 511 Succendit,
1156 473 1212 504 sed
1237 472 1317 503 haec
1340 478 1455 510 aspera

949 520 1121 552 Tormenta
1144 519 1222 551 vicit
1244 526 1410 558 prospera.

945 565 1027 606 Iync
1039 574 1111 597 eam
1118 565 1282 597 Dominus
1293 562 1501 601 examinavit,

949 616 977 649 et
998 621 1066 643 non
1090 612 1136 643 est
1158 612 1291 643 inventa
1310 610 1346 641 in
1374 619 1412 641 ea
1435 609 1501 640 ini-

949 659 1066 698 auitas.

915 751 923 759 .
948 725 1026 757 Post
1048 724 1127 756 haec
1150 724 1244 756 undis
1267 722 1476 763 immergitur,

948 771 1039 802 Motu
1063 773 1150 802 terra
1175 770 1360 809 concutitur,

948 817 1172 849 Dissolvuntur
1197 817 1333 856 vincula,

949 864 1112 897 Currentis
1137 864 1178 896 ad
1203 863 1415 903 spectaculum

949 910 1060 943 Gentis
1085 911 1126 942 ad
1151 911 1211 942 hoc
1234 910 1423 943 miraculum

950 957 1093 989 Credunt
1116 957 1211 997 quina
1233 957 1331 999 milia,

949 1004 1006 1042 Qui
1032 1013 1090 1044 pro
1117 1004 1241 1036 Christo
1267 1004 1414 1035 decollati

948 1050 1166 1090 Sanguineque
1190 1051 1342 1090 baptizati

949 1097 1084 1136 Capiunt
1108 1098 1266 1128 caelestia.

907 1168 914 1176 .
943 1144 1125 1175 Posuerwzt
1155 1144 1309 1175 mortalia
1332 1152 1498 1175 servorum

946 1193 1076 1222 tuorum
1101 1199 1186 1222 escas
1204 1190 1388 1222 volatilibus
1405 1190 1495 1233 caeli,

946 1237 1499 1269 carnessanctorummoi-umbestiis

945 1285 1057 1315 terrae.

913 1375 921 1382 .
945 1349 969 1380 O
995 1357 1071 1380 vere
1095 1349 1239 1380 caelestis
1264 1349 1347 1388 regis

946 1395 1071 1427 Prolem
1096 1404 1158 1426 non
1185 1395 1381 1436 degenerem,

945 1441 1144 1473 Decollanda
1168 1442 1255 1473 cuius
1280 1443 1358 1482 legis

947 1488 988 1519 Se
1013 1488 1158 1527 designat
1180 1497 1359 1531 memorem,

945 1534 1028 1566 Dum
1052 1536 1140 1573 preci
1166 1535 1239 1567 dato
1264 1537 1367 1577 spatio

946 1581 1022 1613 Orat
1046 1590 1105 1620 pro
1129 1584 1332 1621 persecutore

949 1627 996 1659 Et
1018 1628 1068 1659 sui
1089 1630 1273 1661 memoriam

948 1675 1081 1715 Agente‚
1108 1675 1222 1707 dehinc
1245 1675 1316 1708 fuso
1340 1686 1414 1709 rore

948 1720 1114 1761 Sanguinis
1139 1722 1181 1754 ad
1205 1723 1338 1763 gloriam

947 1767 1064 1799 Tendit
1088 1777 1182 1801 caesa
1204 1770 1321 1813 gladio,

908 1839 915 1846 .
947 1814 1050 1855 Quam
1070 1815 1254 1856 iizyreclitur
1275 1818 1346 1850 sine
1369 1819 1501 1851 macula

949 1865 1082 1901 operata
1104 1862 1276 1898 iustitiam.

1009 1983 1057 2015 In
1082 1984 1113 2016 3.
1139 1985 1367 2019 Nocturno.

1090 2068 1284 2104 Antiphonae.

914 2157 923 2165 .
950 2131 1087 2168 clamate
1109 2134 1264 2177 Domina

949 2179 1064 2211 Orbem
1087 2184 1192 2213 terrae
1216 2184 1270 2223 qui
1294 2187 1442 2227 correxit,

948 2226 1162 2266 Margaretam
1189 2230 1262 2262 dum
1286 2234 1444 2274 provexit,

949 2274 995 2306 Ut
1018 2275 1156 2314 gentium
1183 2277 1347 2311 daemonia

948 2320 1102 2362 Damnet3
1129 2322 1198 2355 Deo
1220 2325 1262 2356 sit
1286 2326 1388 2365 gloria

947 2367 994 2399 In
1015 2369 1268 2411 sanctificatione
1295 2374 1372 2407 eius.
