1655 2534
723 122 977 157 -268—

330 223 376 254 In
402 221 433 254 1.
457 221 692 254 Nocturno.

419 324 612 359 Antiphonae.

220 401 249 434 1.
275 400 422 434 Fuerunt
447 401 509 433 duo
534 400 688 440 germani,

276 448 401 489 Stirpes
426 449 572 479 illustres
596 444 744 484 Romani,

275 495 473 535 Victorinus,
499 493 672 526 Severinus

273 541 311 572 In
334 542 407 580 lege
432 541 562 572 Domini
584 538 760 571 ferventes.

219 608 250 639 2.
276 606 504 639 Sanctissimae
530 607 622 637 erant
647 606 734 636 vitae

273 650 420 685 Isti*duo
448 653 614 692 eremitae,

275 699 402 739 Vigiles
426 698 610 739 psalmodia

271 745 468 778 Renuebant
491 746 612 777 inania.

219 812 249 844 3.
275 811 463 843 Victorinus
487 811 625 842 liberius

276 857 461 890 Serviturus
488 857 618 889 Christo
643 865 745 896 purus

275 904 450 936 Desertum
473 904 582 943 poscit
606 904 730 934 vastius

274 950 456 983 Prohibens
480 949 636 982 fratribus

321 997 576 1037 Multiloquium.

411 1098 613 1133 Responsoria.

221 1174 251 1205 1.
279 1174 448 1206 Gloriosus
473 1174 660 1206 Victorinus

280 1220 360 1252 Cum
382 1219 487 1253 fratre
513 1230 570 1253 suo
595 1220 753 1252 Severino

279 1266 402 1299 Christi
425 1267 529 1299 iussui
553 1267 690 1299 Domino

275 1313 398 1345 Parere
422 1315 569 1346 volentes

276 1359 420 1399 Ingressi
445 1357 757 1396 sunffisolitudinem

275 1406 414 1446 Propter
437 1407 549 1438 mundi
566 1406 819 1439 sollicitudinem

207 1451 247 1483 V.
278 1452 323 1483 Et
345 1454 380 1485 in
405 1454 541 1485 circuitu
564 1451 774 1494 perfectionis

277 1498 469 1539 Erogabant
490 1500 689 1540 pauperibus

273 1545 464 1578 Facultates
488 1555 569 1578 suae
590 1547 820 1586 possessionis.

221 1611 250 1642 2.
278 1609 399 1643 Servus
425 1611 488 1643 Dei
512 1611 700 1643 Victorinus

280 1656 322 1688 Se
347 1666 492 1697 censens,
519 1657 606 1697 quod
632 1658 680 1689 sic
702 1658 809 1689 minus

280 1702 491 1736 Satisfaceret
515 1705 701 1736 eremiticae
726 1704 824 1743 vitae,

278 1749 454 1782 Exci-ando
481 1751 614 1790 cupiens
641 1752 806 1783 solitarius

280 1796 496 1829 Monasticam
519 1797 757 1829 habitationem

212 1843 248 1875 V.
279 1843 452 1875 Inveniens
478 1844 576 1876 situm
599 1844 665 1875 loci

280 1889 442 1930 Subi-apto
466 1891 578 1930 lapide

281 1936 403 1969 Gellam
428 1937 489 1969 sibi
514 1939 736 1978 praeparavit.

222 2004 252 2035 3.
277 2002 467 2036 VictorInus
492 2003 527 2034 in
551 2003 706 2043 spelunca

279 2049 347 2081 Iam
372 2059 464 2083 suum
488 2049 685 2091 firmaverat,

281 2096 475 2138 incolatum,
499 2094 773 2140 vox'hhorrenda:

280 2143 368 2185 Vae,
392 2144 522 2185 misera,
549 2143 823 2186 sumLperdenda

281 2189 398 2223 Crudis
422 2190 501 2223 feris
527 2200 604 2223 esca
627 2190 823 2231 deputanda.

217 2236 249 2270 V.
280 2236 470 2269 Victorinus
496 2246 626 2278 operam

328 2284 428 2316 dabat
453 2284 628 2324 devotioni,

281 2330 364 2362 Toto
392 2332 489 2364 corde
513 2331 687 2365 insistebat

328 2378 554 2418 speculationi.

1001 218 1049 249 In
1073 218 1106 250 2.
1130 215 1371 249 Nocturno.

1087 290 1283 327 Antiphonae.

891 350 920 382 1.
947 350 1065 382 Invoco
1091 352 1136 391 te,
1161 348 1311 388 Domine,

948 396 1049 429 Serva
1072 405 1124 428 me
1149 396 1190 427 ab
1214 395 1356 434 homine,

946 444 1019 476 Hoc
1041 444 1114 475 loco
1140 441 1330 474 artitudinis

947 491 998 523 Sis
1023 490 1128 522 virtus
1153 488 1374 521 rectitudinis.

914 580 921 587 .
947 555 1085 588 Sanctus
1110 556 1159 588 ait
1182 554 1392 586 Victorinus:

946 603 1058 635 Verba
1081 611 1155 635 mea
1179 601 1266 641 audi,
1291 599 1392 638 Deus,

943 650 1008 681 Per
1033 651 1139 682 crucis
1165 649 1396 688 signationem,

946 696 1042 728 Hanc
1066 696 1147 728 seda
1171 695 1431 735 temptationem.

913 786 920 793 .
944 762 1137 794 Victorinus
1161 761 1228 793 iam
1253 760 1448 800 deprecatus

948 809 1066 849 Sensit,
1094 808 1181 849 quod
1207 809 1252 840 sit
1276 806 1456 847 sauciatus,

946 853 1497 895 Tynthaehispidaeconti-avulnus

946 902 1037 934 Petit
1059 902 1241 934 remedium
1260 899 1386 933 fratris,

1081 975 1287 1011 Responsoria.

912 1058 920 1066 .
948 1032 1154 1065 Goncernens
1179 1034 1214 1064 in
1238 1040 1274 1065 se
1300 1031 1495 1064 Victorinus

947 1079 1075 1111 Inimici
1100 1079 1278 1112 scintillam

947 1126 1123 1158 Reseravit
1149 1129 1259 1158 castra
1280 1124 1433 1164 maxima,

947 1172 1062 1205 Brevis
1089 1182 1187 1213 sapor
1211 1172 1348 1204 sceleris

946 1219 1075 1251 Reddjt
1098 1220 1258 1252 calculum
1284 1218 1427 1250 doloris:

946 1266 1037 1298 Deus
1064 1267 1205 1298 clemens
1232 1266 1277 1298 sis
1302 1265 1382 1296 mihi
1406 1273 1473 1295 reo.

909 1337 917 1344 .
948 1312 1052 1352 Super
1077 1314 1193 1345 cellam
1218 1313 1356 1345 Satanas

949 1359 1156 1392 Confudebat
1181 1361 1339 1399 sanctum,

949 1405 1087 1438 Sanctus
1112 1407 1282 1446 suspirans

950 1452 1181 1485 Gemebundus
1205 1451 1404 1485 resumebat.

914 1544 921 1550 .
949 1517 1056 1557 Specu
1079 1520 1276 1559 procreavit,

950 1563 1018 1602 Quo
1046 1567 1080 1596 et
1099 1566 1273 1606 paenituit,

949 1610 1072 1643 Cellam
1096 1613 1228 1652 aperuit

951 1658 1080 1698 Manus,
1106 1659 1211 1691 scisso
1236 1660 1326 1698 ligno
1354 1658 1485 1697 clausit,

953 1704 1022 1743 Quo
1048 1714 1109 1744 per
1133 1710 1202 1738 tres
1227 1715 1330 1738 annos
1358 1705 1485 1738 cibatus

951 1752 980 1782 A
1003 1751 1107 1784 fratre
1130 1753 1179 1785 sic
1203 1753 1338 1786 vivebat

914 1823 921 1830 .
953 1798 1090 1831 Praesul
1113 1800 1315 1842 Victorinus,

952 1845 1011 1877 Vis
1037 1854 1057 1876 a
1081 1847 1154 1879 luce
1179 1848 1262 1879 mira

949 1892 1062 1931 Ipsum
1085 1894 1241 1925 liberavit

952 1939 996 1970 Et
1012 1941 1046 1971 in
1065 1940 1221 1972 cathedra
1238 1949 1301 1973 sua
1317 1941 1501 1973 collocavit.

920 2031 926 2037 .
952 2003 1092 2037 Sanctus
1117 2006 1306 2038 Victorinus

951 2050 989 2082 In
1013 2053 1201 2091 praesulem
1227 2054 1352 2085 electus

951 2097 1063 2130 Fulsit
1086 2099 1189 2139 signis
1212 2100 1316 2132 variis

952 2144 1104 2177 Sanando
1127 2147 1358 2186 languidorum

954 2190 1111 2234 Corpora,
1137 2202 1307 2226 caecorum

952 2237 1104 2271 Pandens
1131 2240 1221 2272 clara

951 2285 1042 2318 Luce
1066 2286 1251 2331 luminaria,

952 2332 1086 2365 Virtute
1113 2334 1225 2367 divina
1249 2335 1387 2376 gerebat

952 2378 1015 2411 Dei
1040 2380 1248 2415 dilectionem
1273 2382 1316 2415 ad
1341 2393 1464 2426 omnes,
