1655 2534
138 311 170 343 3.

139 704 156 735 Ul

193 206 238 238 Et
263 208 357 240 claris
382 208 552 241 virtutibus

244 254 390 288 iuventus
414 258 539 288 ornata.

197 310 252 342 Sic
276 310 458 343 columbam
483 312 606 344 studuit

241 360 368 390 sanctus
391 357 519 398 imitari,

196 403 243 437 Ut
265 405 350 436 hunc
373 405 487 444 vulgus
510 405 652 445 undique

241 451 346 493 coepit
368 452 522 485 venerari.

161 533 168 538 .
194 506 245 538 Ne
268 512 410 540 sanctum
438 509 606 540 extolleret

241 553 325 585 fama
350 556 538 596 sanctitatis,

195 602 347 633 Parentes
372 606 404 633 et
424 602 560 641 patriam

242 648 321 680 clam
348 647 429 689 fugit
453 653 485 680 et
508 650 617 688 gratis.

163 730 169 736 .
195 704 247 735 Ad
273 705 393 737 Yonam
418 705 552 736 insulam

240 754 314 789 post
337 760 372 782 se
395 751 589 794 conferebat,

192 796 256 829 Ubi
281 798 349 828 Deo
373 797 517 837 pluribus

239 843 329 875 annis
353 844 521 876 serviebat.

192 899 289 931 Trina
315 899 458 931 Christus

238 946 270 977 in
296 947 434 986 pueritia

191 993 254 1025 Per
278 992 456 1025 Mocumam

239 1037 315 1071 fecit
337 1040 506 1072 miracula:

192 1086 288 1129 Ignis,
315 1096 370 1118 aer

241 1133 351 1165 mortis
377 1135 407 1165 et
432 1134 558 1166 vincula

192 1180 358 1212 Innocenti

242 1227 361 1259 dabant
384 1226 543 1267 obsequia,

193 1274 273 1305 Tota
297 1277 441 1306 sanctum

238 1320 382 1359 perfudit
406 1321 508 1360 gratia

193 1367 255 1398 Dei
277 1368 389 1408 virtus,

239 1414 322 1454 quod
346 1414 380 1446 in
403 1413 540 1446 infantia

191 1461 356 1494 Innocenti

240 1508 359 1540 dabant
381 1507 540 1548 obsequia.

310 1568 355 1596 Ad
373 1568 551 1604 Magnificat.

190 1617 273 1648 Dum
297 1616 430 1648 nutricis

238 1663 390 1695 lactescet
412 1664 511 1696 ubera

189 1711 273 1742 Puer
297 1714 434 1751 sanctus,

239 1758 350 1790 cohors
375 1759 518 1798 angelica

189 1804 294 1844 Supra.
316 1807 433 1837 tectum

236 1852 349 1884 ludens
373 1853 407 1884 in
428 1861 507 1884 aera

190 1899 281 1931 Nova
304 1908 385 1932 novo

237 1947 292 1979 dat
316 1942 422 1992 [nato]
447 1947 573 1988 gaudia,

187 1994 306 2034 Quibus
325 1995 403 2027 visis

236 2051 293 2073 rex
316 2044 409 2082 pater
431 2041 544 2074 intima

188 2090 297 2121 Mente
319 2089 432 2123 laudat

233 2136 295 2169 Dei
319 2137 485 2177 magnalia.

250 2213 310 2245 Ad
334 2212 604 2246 Matutinum.

317 2272 534 2303 Invitatorium.

187 2321 298 2354 Honor
324 2321 448 2354 Christo

233 2369 276 2401 sit
298 2373 330 2401 et
352 2369 530 2411 imperium,

751 112 889 149 67—

873 210 930 250 Qui
955 211 996 242 ad
1023 211 1143 243 caelum

919 258 1004 289 vexit
1029 258 1224 290 Mauritium.

927 378 975 409 In
1001 378 1032 411 1.
1058 379 1293 411 Nocturno.

1011 451 1204 488 Antiphonae

815 511 845 542 1.
871 509 972 541 Natus
997 510 1080 548 regis
1105 510 1195 548 pueri

917 554 1017 588 frater
1040 557 1134 588 morti
1162 558 1265 597 (latur,

871 603 934 635 Sed
959 606 1045 634 tactu
1068 602 1214 635 Mauritii

916 658 989 681 mox
1013 650 1230 683 resuscitatur.

812 708 844 739 2.
870 705 958 737 Sicut
981 707 1086 745 Moysi
1111 704 1216 738 fuerat

916 752 1014 785 rubus
1037 753 1264 795 incombustus,

870 799 953 831 Puer
976 808 1051 838 rogo
1077 801 1204 839 vagiens

913 846 1065 877 remansit
1087 848 1221 880 inustus,

812 903 842 934 3.
868 900 933 933 Sub
960 910 1042 941 aqua
1065 903 1252 935 tenerrimus

916 949 1066 979 innocens
1091 948 1251 988 profunda

869 994 979 1035 Iacuit,
1005 995 1063 1026 sed
1087 1003 1220 1035 puerum

916 1050 978 1073 non
1004 1041 1173 1073 submersit
1196 1044 1290 1076 unda.

1006 1115 1213 1151 Responsoria.

815 1173 846 1206 1.
872 1172 1069 1203 Adulescens

917 1228 1052 1258 superno
1077 1220 1198 1258 placuit

870 1265 915 1297 Et
938 1274 972 1297 se
996 1267 1117 1298 cunctis

918 1312 1003 1352 pium
1029 1313 1181 1356 exhibuit,

871 1358 966 1392 Unde
988 1360 1108 1391 caelum

918 1406 1042 1445 ingredi
1066 1407 1197 1445 meruit3

799 1453 837 1486 V.
866 1452 960 1485 Vitae
982 1452 1112 1485 verbum

917 1499 1023 1531 multis
1048 1500 1174 1539 aperuit

869 1547 974 1587 Atque
998 1547 1065 1579 vita

916 1594 1009 1626 beata
1033 1593 1156 1627 claruit.

811 1651 844 1684 2.
868 1649 987 1682 Domat
1012 1651 1115 1682 carnis

916 1699 1017 1729 motus
1042 1697 1181 1738 illicitos,

870 1744 977 1776 Vincit
999 1745 1107 1777 mundi

917 1794 1045 1824 conatus
1064 1792 1189 1834 noxios,

870 1838 960 1871 Terit
984 1839 1084 1871 hostis

916 1886 1036 1926 antiqui
1060 1887 1205 1928 tribulos,

799 1934 838 1968 V.
864 1933 990 1973 Manus,
1015 1937 1151 1966 mentem

916 1981 1020 2013 cordis
1046 1984 1078 2012 et
1101 1982 1208 2014 oculos

869 2028 927 2060 Pie
946 2029 1081 2060 tendens

914 2084 1040 2116 semper
1064 2075 1107 2107 ad
1131 2084 1273 2114 superos.

810 2135 841 2166 3.
869 2132 893 2164 O
918 2139 968 2164 res
992 2132 1083 2173 mira,

915 2180 1075 2217 sceptrum
1102 2178 1285 2219 despicitur,

867 2226 974 2266 Atque
997 2226 1107 2257 mundi

916 2274 1010 2306 decus
1031 2273 1250 2314 contemnitur,

866 2320 912 2352 Et
934 2322 1106 2361 paupertas

916 2368 1016 2408 gratis
1041 2367 1178 2409 eligitur,

1212 2422 1254 2452 5*
