1655 2534
725 114 978 148 -322—

297 210 360 240 238.
380 210 559 242 Udalrici‚
581 209 709 245 episcopi
729 210 758 235 et
777 207 957 240 confessoris,
978 204 1005 233 4.
1025 205 1103 238 Iulii,
1119 202 1180 240 [fol.
1194 202 1275 241 65a].
1309 205 1397 232 Iuvit.
1411 204 1472 231 und
1492 201 1514 229 Η

225 259 277 278 aus
297 249 429 276 Officium
448 248 532 275 Anal.
550 247 687 279 XXVffl,
708 242 754 276 83¹
774 245 863 272 sowie
878 242 901 270 Α
922 244 959 271 ad
978 243 1084 271 Bened.
1106 251 1159 270 aus
1177 242 1262 269 Anal.
1284 243 1318 276 V,
1338 242 1388 269 ΝΥ.
1410 240 1455 269 86.

300 331 363 361 239.
384 332 524 360 Urbani
543 339 645 366 papae,
666 328 710 357 25.
725 329 807 361 Maii,
828 326 889 364 [fol.
902 326 955 355 162
962 325 999 363 al.
1034 327 1182 363 Folgeude
1195 326 1388 362 A(vie]1eicht
1406 327 1515 355 Bruch-

225 372 308 399 stiick
329 372 407 398 einer
426 369 601 405 Sequenz?):

612 415 718 447 Iustus,
737 414 824 446 mitis,
852 413 982 446 simplex,
1005 415 1107 445 rectus,

614 453 709 479 Deum
728 452 832 478 timens
853 452 882 477 et
900 450 1051 484 perfectus,

613 490 676 516 Deo
697 489 803 515 claruit
821 488 943 514 dilectus

649 526 785 554 Urbanus
809 527 838 552 et
855 525 1032 552 hominibus.

297 619 360 649 240.
383 621 545 649 Ursmari
570 620 698 654 episcopi
723 621 753 646 et
771 618 957 651 confessoris,
987 616 1030 644 19.
1055 617 1124 653 Apr.
1155 615 1169 643 1
1217 614 1277 652 [sol.
1304 614 1387 652 6011}
1427 618 1515 644 Iuvit.

224 659 241 687 2
261 660 309 692 ΛΑ,
332 657 344 685 1
369 656 388 684 Β
410 658 466 684 alle
486 656 642 692 prosaisch.
683 656 783 683 Danu:

614 712 709 744 Salve,
731 713 830 738 noster
849 719 865 738 o
886 712 1016 746 patrone,

651 749 744 781 Salve,
765 748 884 784 praesul
904 749 1021 783 optime,

613 785 701 813 Salve
721 794 786 813 cum
806 786 923 819 sanctis,
943 785 1091 818 Ursmare,

651 823 747 856 Salve,
768 826 868 859 pastor
887 823 996 856 inclite,

613 860 701 888 Salve
720 862 778 888 iam
798 869 863 888 cum
884 860 999 888 Christo
1019 869 1153 897 regnans,

652 898 738 925 Salve
758 899 850 925 nostri
869 906 1040 925 memorans.

223 957 273 983 Bis
299 955 350 982 auf
372 955 450 982 diose
473 954 571 981 Zeilen
597 955 710 981 scheint
734 954 786 981 das
808 953 940 982 Officium
965 955 1011 981 ein
1039 954 1122 981 nicht
1147 955 1358 988 rhythmisches
1384 964 1518 992 gewescn

224 1002 260 1020 zu
280 993 349 1020 sein.
371 1006 406 1010 -—
427 990 463 1018 2(ι
484 989 543 1026 [fol.
564 989 600 1018 87
606 988 647 1027 b].
689 989 731 1018 19.
751 992 825 1018 Maii
844 992 891 1019 vel
913 989 948 1018 18
970 992 1106 1019 eiusdem.
1147 990 1164 1018 2
1184 992 1352 1027 prosaischc
1373 993 1422 1019 ΑΛ.

301 1082 364 1112 241.
385 1085 558 1116 [Ji-sulae,
579 1085 701 1119 virginis
723 1087 752 1111 et
770 1086 904 1118 martyiis
925 1093 960 1111 ac
976 1085 1127 1119 sodalium,
1148 1084 1193 1113 21.
1209 1086 1271 1114 Oct.
1295 1085 1402 1124 1<[f01.
1419 1086 1517 1125 1033]-

223 1124 280 1150 Die
307 1122 325 1147 Α
350 1122 418 1149 Flos
443 1122 526 1149 fulsit
551 1130 586 1149 ex
605 1121 758 1149 Britannia
782 1124 834 1149 etc.
861 1130 913 1149 aus
939 1122 990 1149 der
1018 1121 1041 1149 1.
1062 1123 1146 1150 Noct.
1176 1124 1226 1152 des
1247 1124 1396 1153 Officiums
1416 1127 1518 1154 Laetis

223 1168 358 1187 canamus
377 1160 506 1186 vocibus.

297 1203 332 1232 2⁰
344 1206 517 1240 Translatio,
538 1203 583 1232 31.
597 1206 659 1232 Ian.
674 1203 736 1241 [fol.
753 1204 807 1234 132
815 1204 854 1242 a].
889 1207 961 1234 Drei
977 1207 1016 1232 ΑΑ
1031 1208 1111 1235 eines
1124 1209 1337 1236 unbekanuten
1351 1209 1517 1238 Officiums:

225 1261 258 1288 A.
283 1261 357 1288 Arae
376 1261 433 1288 Dei
453 1261 519 1288 dum
541 1259 669 1295 (astaret)
688 1263 813 1289 insertus
953 1263 1010 1290 Sed
1033 1265 1127 1291 minus
1148 1265 1236 1300 digne
1256 1265 1375 1293 habitae

277 1298 399 1326 Sanctus
420 1299 535 1334 praesul
557 1298 738 1333 Gunibertus,
952 1301 1109 1336 Reponunt
1131 1310 1164 1329 se
1183 1303 1333 1330 Coloniae.

278 1336 397 1363 Missam
420 1337 498 1363 eae1o
519 1345 570 1371 per
589 1336 751 1364 columbam

279 1373 404 1402 Ursulae
424 1375 561 1409 cognovit
579 1374 716 1401 tumbam.
894 1356 928 1383 A·
954 1357 1033 1384 ISfae
1052 1359 1114 1393 regi
1132 1359 1246 1393 gloriae

993 1395 1084 1422 Carae
1104 1397 1281 1432 margaritae

222 1430 256 1456 A.
279 1430 379 1456 Trium
398 1430 543 1465 virgiuum
563 1430 704 1465 reliquiae
949 1432 1091 1460 Inventae
1110 1436 1179 1460 sunt
1197 1434 1285 1462 hodie

283 1466 460 1500 Quibusdam
481 1467 555 1494 dono
576 1467 708 1500 traditae,
986 1469 1117 1505 Longius
1138 1473 1295 1507 quaesitae.

297 1557 360 1586 242.
387 1559 547 1594 Valerii,
575 1562 704 1596 episcopi
729 1561 922 1596 'Ti-wirensis,
950 1563 1137 1597 confessoris,
1165 1563 1210 1592 29.
1233 1566 1295 1592 Ian.
1324 1564 1385 1602 [fol.
1409 1565 1517 1604 132b]:

222 1597 284 1624 Nur
304 1597 369 1623 eine
388 1596 407 1622 Α
426 1597 627 1625 unbekannter
646 1598 804 1625 Herkunft:

619 1653 643 1680 O
663 1654 802 1680 virtut-um
822 1655 978 1689 speculum,

618 1691 718 1718 Valeri
738 1700 852 1727 gemma
875 1693 1047 1728 praesulum,

617 1728 680 1755 'Puo
699 1737 752 1755 nos
772 1731 937 1764 precamine

616 1765 759 1800 Purgatos
780 1774 799 1793 a
817 1768 937 1795 crimine

616 1802 658 1829 Ad
677 1804 891 1832 intransitorias

614 1840 791 1868 Transmitte
810 1842 940 1870 delicias.

297 1929 360 1958 243.
381 1932 583 1977 Victorini,
610 1935 738 1969 episcopi
766 1937 795 1962 et
817 1938 964 1971 martyris,
987 1936 1013 1964 2.
1033 1940 1106 1966 Nov.
1135 1938 1198 1976 [fol.
1225 1940 1327 1979 208b].
1367 1946 1517 1983 Folgende

223 1970 313 1997 Verse
333 1969 407 1996 ohne
426 1970 627 2006 Bezeichuung
646 1971 705 1998 und
724 1973 926 2001 unbekannter
944 1975 1106 2004 Herkunft:

615 2026 683 2060 Ave,
704 2028 821 2063 praesul
839 2029 998 2064 Victorine,

614 2063 668 2091 Cui
686 2063 796 2092 fiebant
815 2066 924 2094 multae
939 2069 1047 2101 minae,

612 2101 690 2128 Dum
708 2101 757 2129 hic
777 2111 840 2130 eras
860 2107 977 2140 propter
996 2105 1089 2141 fidem,

614 2138 707 2171 Quam
729 2140 860 2175 docebas,
884 2144 913 2168 et
931 2142 986 2169 hoc
1006 2140 1044 2178 [lz
1066 2143 1116 2181 ob]
1136 2146 1212 2174 idem

612 2177 691 2212 Opus
711 2180 820 2212 martyr
840 2187 870 2206 es
891 2179 1006 2207 effectus

611 2213 652 2240 Et
671 2214 707 2241 ad
727 2223 821 2242 arcem
841 2216 916 2243 caeli
935 2220 1044 2245 vectus.

614 2251 763 2288 Quotquot
781 2254 824 2282 ita
845 2251 881 2289 [Ι.
902 2252 944 2290 id]
965 2263 1229 2295 commemoramus,

611 2289 684 2316 Toto
706 2290 792 2318 corde
812 2292 1017 2327 supplicamus,

609 2327 652 2354 Ut
672 2336 723 2362 pro
743 2328 828 2356 nobis
849 2337 970 2357 exorare

610 2364 691 2391 Velis
712 2367 741 2392 et
759 2374 812 2393 nos
833 2366 980 2396 adiuvare.
