1655 2534
721 121 977 156 —174—

273 217 388 248 Taetra
411 218 505 258 pelle,
531 217 632 249 lucem
655 226 743 256 para,

320 263 417 295 Serve
440 264 501 296 Dei
526 264 670 296 maxime.

214 347 246 379 4.
274 347 398 380 Christo
424 348 540 379 reddat
565 346 797 379 commendatos

318 393 389 425 Suis
414 395 504 426 almis
528 394 685 433 precibus,

271 442 352 480 Quos
377 439 454 472 fecit
478 449 547 472 esse
571 440 679 472 beatos

317 486 513 526 Disciplinae
535 487 683 518 moribus.

213 570 243 602 5.
267 571 304 603 In
331 572 457 602 caterva
482 568 693 601 confessorum

316 617 429 648 Flores
454 617 541 648 velut
564 616 675 655 lilium,

270 663 306 695 In
332 665 364 693 te
388 662 450 694 sibi
476 671 532 693 rex
558 663 714 693 caelorum

315 708 407 740 Fecit
422 708 644 741 habitaculum.

380 799 424 827 Ad
445 800 626 828 Benedictus.

200 875 240 907 A.
272 875 424 908 Claritate
448 876 555 908 lucens
580 885 700 907 morum

316 921 505 961 Richardus,
528 922 590 953 Dei
614 922 759 963 famulus,

271 968 372 999 Intrat
396 977 505 1008 agmen
530 968 741 1000 confessorum

318 1014 427 1047 Cultor
453 1015 569 1046 Christi
592 1015 756 1055 maximus,

950 215 1047 254 Quem
1072 215 1201 246 coronat
1225 222 1282 245 rex
1307 214 1489 245 sanctorum

994 262 1088 294 Vitae
1113 262 1206 294 dator
1230 260 1377 300 optimus.

1019 373 1064 404 In
1089 375 1123 406 2.
1149 372 1365 412 VesperiS.

1063 446 1108 474 Ad
1129 444 1309 482 Magnificat.

875 504 918 537 A.
946 504 1052 544 Digna
1075 504 1137 536 coli
1162 503 1253 534 adest
1279 503 1346 535 dies

991 550 1047 581 Pio
1070 549 1293 588 modulamine,

946 598 984 629 ln
1009 605 1070 636 qua
1097 597 1190 628 datur
1214 599 1324 628 sancta
1349 595 1436 634 quies

993 644 1103 683 Longo
1129 652 1187 682 pro
1214 642 1396 684 cartamine,

945 690 1111 722 Hodierna
1134 692 1261 721 sanctus
1289 690 1341 721 die

991 736 1042 768 De
1065 736 1178 768 mundi
1202 737 1353 775 voragine

944 783 1066 815 Ductus
1092 786 1140 814 est
1163 783 1205 814 ad
1232 784 1353 814 caelum
1375 782 1428 821 pie

992 830 1191 870 Triumphali
1217 830 1364 868 carmine,

949 877 1044 910 Unde
1064 886 1120 908 nos
1145 879 1177 907 te
1200 885 1357 916 rogamus,

994 923 1155 955 Richarde
1179 923 1370 961 beatissime,

947 970 994 1002 Ut
1017 970 1060 1000 sis
1085 972 1223 1009 praesto,
1251 978 1429 1009 exoramus,

995 1016 1109 1048 Pastor
1134 1016 1385 1048 clementissime.

273 1098 356 1124 Brev.
384 1105 435 1125 ms.
457 1097 486 1124 S.
508 1097 610 1125 Clarae
629 1098 775 1133 Neapolit.
802 1106 878 1125 saec.
907 1097 950 1126 14.
993 1098 1061 1125 Ood.
1084 1098 1257 1126 Casanaten.
1283 1099 1306 1126 B
1326 1098 1373 1126 III
1396 1097 1413 1127 5
1434 1099 1500 1126 add.

203 1142 280 1161 saec.
304 1132 347 1160 15.
367 1134 400 1160 A.
421 1150 459 1154 -
479 1134 547 1162 Ood.
566 1134 749 1162 Vallicellan.
771 1135 797 1163 G
816 1134 851 1161 77
873 1143 947 1163 saec.
969 1133 1041 1163 ¹⁸l17.
1062 1136 1095 1164 B.
1114 1150 1152 1154 -
1171 1136 1214 1163 In
1234 1135 1260 1162 2.
1274 1136 1376 1163 Noct.
1392 1134 1414 1162 Α
1435 1134 1461 1169 2,
1485 1134 1500 1163 1

201 1172 369 1207 poposcerit
388 1171 421 1197 B.
445 1188 478 1192 —
498 1170 520 1197 Α
542 1169 567 1206 3,
591 1172 605 1199 1
625 1173 784 1207 Postquam
804 1173 930 1208 populus
951 1173 1011 1200 AB.
1031 1187 1068 1191 —
1088 1174 1131 1201 In
1150 1171 1176 1201 3-
1197 1174 1302 1201 Noct.
1320 1171 1340 1199 R
1362 1171 1387 1208 2,
1409 1172 1427 1200 2
1446 1174 1501 1201 lies

205 1209 388 1235 ministerio?
406 1224 442 1229 —
462 1209 504 1236 In
524 1209 632 1237 Laud.
654 1208 676 1236 Α
701 1209 725 1243 1,
746 1208 765 1237 3
784 1210 907 1237 infectus
926 1211 959 1238 B.
982 1225 1015 1228 —

610 1337 645 1368 62
659 1344 686 1366 a.
715 1336 758 1368 De
778 1338 883 1368 sancto
904 1336 1082 1368 saviniano.

337 1424 382 1455 In
415 1426 444 1456 1.
471 1424 686 1462 vesperis.

382 1496 474 1532 Super
498 1497 638 1525 Psalmos.

202 1553 243 1585 A.
275 1554 299 1585 O
323 1555 431 1584 sancte
455 1553 632 1592 Saviniane,

272 1599 398 1638 Martyr
424 1599 542 1632 Christi
566 1601 714 1639 pretiose,

273 1645 346 1678 Una
371 1654 439 1676 eum
462 1646 525 1676 tuis
550 1647 651 1689 sociis,

274 1692 474 1730 Quaesumus,
502 1701 555 1723 ora
580 1702 639 1732 pro
662 1693 764 1728 nobis.

332 1785 378 1816 111
406 1785 436 1817 1.
462 1785 690 1818 Nocturno.

420 1857 614 1893 Antiphonae¹

218 1915 248 1950 1.
270 1914 457 1947 Savinianus
482 1915 625 1956 pontifex

275 1961 439 1993 Hebraeus
463 1961 525 1993 fuit
548 1971 662 2001 genere

277 2008 322 2040 Et
346 2016 384 2039 ex
410 2008 528 2040 Christi
553 2009 728 2049 discipulis,

276 2055 359 2094 Quos
384 2054 474 2087 binos
498 2055 591 2087 iussit
614 2057 773 2096 progredi.

219 2112 251 2144 2.
279 2111 341 2143 Hic
363 2111 488 2151 priscae
507 2112 585 2151 legis
612 2112 739 2143 edoctus

278 2158 358 2189 Erat
382 2158 476 2190 valde
502 2158 708 2201 dogmatibus,

276 2204 327 2236 Ab
353 2212 407 2235 ore
433 2214 554 2244 quoque
579 2206 705 2238 Domini

275 2251 383 2283 Verba
407 2252 515 2284 salutis
540 2252 662 2286 didicit.

218 2308 249 2341 3.
276 2307 430 2339 connexit
453 2308 526 2339 huic
551 2310 664 2340 caritas

277 2353 476 2394 Sociavitque
501 2355 643 2394 probitas

946 1425 1039 1456 Viros
1064 1425 1223 1464 praeclari
1246 1425 1363 1464 meriti,

947 1472 1068 1503 Rectae
1092 1471 1233 1503 fautores
1258 1471 1343 1503 fidei.

915 1552 923 1560 .
951 1526 1008 1564 Qui
1036 1526 1152 1558 Christi
1177 1526 1255 1558 facti
1281 1527 1404 1566 praevii

946 1572 1113 1605 Miraculis
1139 1576 1171 1604 et
1193 1574 1338 1612 praeclui

950 1620 1027 1652 Cum
1053 1620 1166 1652 ceteris
1193 1620 1357 1661 discipulis

947 1667 1062 1698 Pacem
1087 1666 1234 1698 ferebant
1257 1668 1395 1707 populiS.

915 1747 922 1754 .
950 1722 1092 1754 Christus
1117 1725 1152 1754 ut
1176 1726 1265 1755 astra
1287 1724 1389 1765 petiit,

947 1770 1175 1809 Apostolorum
1200 1771 1339 1810 principi

949 1816 1047 1848 Probi
1070 1817 1133 1848 viri
1158 1820 1230 1848 sunt
1255 1818 1358 1849 additi

949 1863 1101 1895 Parentes
1126 1864 1193 1895 eius
1217 1865 1355 1896 monitis.

914 1943 921 1951 .
947 1919 1077 1958 Adepta
1101 1920 1177 1951 sede
1202 1921 1374 1952 cathedrae

946 1965 1045 1997 Urbis
1073 1966 1186 1997 Petrus
1211 1967 1383 1999 Romuleae

949 2011 1152 2043 Savinianum
1178 2017 1331 2045 convocat

946 2058 1098 2098 Hortans,
1123 2063 1160 2090 ut
1185 2059 1294 2092 Gallos
1319 2061 1425 2097 adeat.

1014 2180 1062 2211 In
1087 2182 1119 2214 2,
1145 2181 1372 2217 Nocturno.

1092 2255 1286 2290 Antiphonae.

892 2311 923 2343 1.
950 2310 1086 2351 Superni
1111 2313 1228 2352 quippe
1252 2318 1430 2354 pneumatis

949 2358 1121 2397 Insignitas
1148 2362 1314 2402 praesagio
