1655 2534
89 545 128 578 V.

100 697 133 731 4.

611 68 867 104 -157-

159 160 388 195 Miraculorum
413 163 515 202 gloria

161 207 284 241 Claruit
307 208 476 242 omnifaria

162 255 266 296 Quasi
274 256 370 288 stella
382 257 547 290 matutina
558 257 595 289 4η
608 257 712 290 medio

158 302 302 336 nebulae.

126 382 134 391 .
161 359 242 391 Auri
267 356 345 391 fossi
369 360 460 399 quasi
484 360 595 399 globus

160 405 327 446 Octoginta
350 407 383 438 in
410 406 531 439 duobus

161 452 263 484 Annis
288 453 405 485 mansit
430 457 462 485 et
485 454 637 486 trecentis

159 499 284 532 Tumba
309 501 450 540 corporis
475 502 629 540 recentis3

164 546 244 579 Vere
281 547 416 587 dignum
448 557 512 588 per
549 548 714 580 saeculum

151 593 366 633 praedicatur
413 594 472 627 hoc
518 596 714 636 stupendum

157 640 365 673 miraculum.

159 697 236 728 Post
260 697 320 728 hoc
340 706 418 737 opus
435 707 507 730 nam
525 698 711 730 translatum

163 743 284 783 Corpus
309 744 505 784 Bavarisque
531 745 648 785 datum,

161 789 236 821 Sine
259 790 336 822 tabe
360 791 407 822 sic
432 794 480 822 est
503 791 604 823 visum

161 836 255 869 Velut
277 845 351 869 euse
374 837 436 869 iam
462 838 609 877 occisum,

122 910 127 916 .
158 883 324 916 mirabilis
335 883 436 928 Deus,
454 884 546 916 cuius
558 883 713 925 martyris

159 929 343 973 depositum
366 931 437 963 sime
459 932 540 963 tabe.

220 1062 265 1094 In
293 1063 324 1094 2.
351 1062 580 1096 Nocturno.

299 1135 497 1171 Antiphonae.

124 1219 131 1227 .
157 1193 285 1233 Martyr
308 1192 544 1232 insuperabilis,

161 1240 292 1278 Quirine
316 1239 518 1276 venerabilis,

159 1287 213 1320 Ad
238 1287 299 1319 Dei
325 1287 530 1319 tabernacula

159 1334 287 1367 Perduc
310 1343 368 1366 nos
391 1335 459 1365 sine
482 1334 618 1366 macula.

158 1391 196 1422 In
224 1390 329 1422 cordis
356 1390 515 1422 desiderio

156 1437 294 1470 Perenni
319 1436 484 1477 refrigerio

156 1484 268 1517 Divini
291 1484 397 1517 vultus
422 1484 537 1524 gaudio

157 1531 208 1564 Da
230 1532 332 1563 laetos
357 1531 425 1563 sine
448 1530 593 1563 termino.

157 1587 280 1620 Mundo
307 1588 402 1619 corde
423 1589 455 1619 et
478 1587 622 1619 manibus

159 1635 315 1667 Innocens
342 1638 373 1666 et
396 1634 543 1666 inanibus

159 1681 259 1714 Gultis
284 1690 319 1713 se
343 1680 406 1713 fuit
428 1682 586 1721 ingerens,

157 1729 219 1761 Dei
243 1731 381 1761 montem
405 1728 604 1768 aggrediens.

156 1785 245 1825 Ergo
271 1785 358 1819 Deus
384 1784 546 1817 exaudivit

156 1830 277 1864 Preces
303 1831 379 1869 eius,
406 1835 439 1864 ut
464 1832 588 1872 petivit,

156 1880 186 1911 A
211 1879 324 1911 timore
349 1878 469 1912 inimici

157 1927 304 1959 Animam
329 1936 392 1959 non
415 1927 521 1959 sinens
546 1927 642 1959 vinci.

122 2010 130 2018 .
155 1983 193 2016 In
217 1983 389 2016 Ierusalem
414 1984 478 2016 iam
503 1987 619 2023 votum,

155 2032 193 2064 In
219 2030 295 2063 Sion
321 2040 390 2063 cum
416 2032 532 2072 hymno
558 2034 659 2063 totum

159 2079 258 2111 Posse
281 2078 328 2110 sic
352 2081 385 2110 te
411 2079 502 2111 decet:
525 2078 642 2119 laudis,

156 2125 253 2165 Deus,
279 2129 349 2158 tuos
374 2127 427 2165 qui
453 2126 594 2158 exaudis.

122 2208 129 2215 .
155 2183 269 2215 Floret
292 2191 418 2223 semper
443 2182 532 2222 quasi
555 2182 662 2222 palma

159 2230 266 2263 Iustus
292 2239 390 2270 opera
412 2238 472 2271 per
496 2230 590 2268 alma,

156 2277 218 2310 Dei
243 2279 335 2310 domo
361 2277 602 2320 complantatuS‚

156 2325 195 2358 In
220 2334 282 2365 qua
305 2328 418 2366 regnat
443 2325 616 2359 laureatus.

784 221 814 255 1.

974 164 1180 199 Responsoria.

837 220 949 262 Regali
974 229 1013 252 ex
1037 220 1188 261 progenie

840 269 928 301 Vena
953 276 1142 307 consurgens
1166 266 1287 307 veniae,

838 315 977 355 Quirine,
1004 314 1083 346 caeli
1105 314 1216 351 lilium,

837 361 904 394 Nos
928 361 989 394 duc
1012 361 1053 393 ad
1076 360 1139 393 Dei
1160 357 1269 400 filiuni,

770 409 806 443 V.
834 408 930 449 Apud
956 416 1047 448 quem
1070 408 1164 448 salus,
1190 407 1317 448 veritas,

781 513 812 544 2.

770 2078 810 2111 V.

784 2183 813 2214 2.

839 455 990 487 Perennis
1015 463 1137 495 quoque
1161 454 1310 487 suavitas.

836 511 975 551 Fulgens
998 511 1054 543 lux
1078 519 1138 550 per
1158 510 1267 542 mundi
1284 504 1390 551 clima‚‘

840 558 978 590 Sauciati
1004 557 1108 589 cordis
1132 556 1214 588 zima

839 606 953 645 Purga,
979 607 1100 643 martyr
1122 606 1158 635 tu
1181 603 1364 644 praedigne,

840 652 972 684 Salvans
996 661 1053 683 nos
1079 661 1098 683 a
1122 650 1232 683 mortis
1255 651 1338 690 igne,

838 698 921 730 Cum
931 697 1133 739 ,έρφεοναφῑέὶᾱε
1150 697 1263 730 delicta
1280 697 1389 729 iuvene

837 745 925 777 tutis.

840 800 959 838 Gaude,
986 800 1095 844 Roma,
1122 800 1213 839 prole
1239 799 1333 839 digna

838 847 968 888 Parens,
995 855 1087 886 quem
1112 855 1171 886 per
1194 846 1276 877 alma
1299 846 1389 885 signa

837 893 876 925 In
900 893 995 925 laude
1018 892 1192 924 multifaria

837 939 932 972 Felix
955 942 1043 971 tenet
1065 939 1212 980 Bavaria‚

841 986 1004 1026 Quirinum
1032 985 1158 1025 egregia

840 1033 1066 1073 Tegernsensis
1092 1031 1236 1065 ecclesia.

839 1089 971 1122 Athleta
995 1089 1056 1121 Dei
1081 1088 1227 1128 Quirinus

841 1137 977 1170 Odorem
1002 1137 1090 1176 quasi
1117 1135 1257 1167 Libanus

841 1183 923 1216 Suae
945 1182 1036 1214 nobis
1060 1182 1192 1215 notitiae

839 1229 1061 1263 Manifestavit
1084 1229 1188 1261 hodie.

838 1277 930 1310 Sicut
962 1276 1205 1309 cinnamomum
1230 1276 1258 1307 et
1285 1274 1391 1308 balsa-

839 1333 931 1356 mum
953 1323 1184 1356 aromatizans.

902 1464 948 1496 In
977 1465 1008 1498 3.
1034 1463 1262 1497 Nocturno.

981 1538 1027 1566 Ad
1047 1538 1177 1566 Cantica.

840 1606 1045 1645 Legationem
1070 1605 1222 1637 mittimus

839 1653 891 1691 Et,
918 1661 998 1693 quae
1021 1652 1109 1692 pacis
1134 1654 1217 1692 sunt,
1245 1652 1392 1692 petimus,

840 1700 959 1740 Regem
986 1699 1077 1732 nobis
1102 1699 1242 1731 iustitiae

841 1748 949 1787 Plana,
974 1750 1096 1787 martyr
1122 1745 1245 1779 eximie.

980 1822 1187 1856 Responsoria.

807 1913 815 1921 .
840 1888 1006 1921 Accedunt
1032 1888 1159 1927 quidam
1184 1889 1313 1926 temere,

841 1936 991 1968 Sanctum
1017 1943 1131 1975 corpus
1155 1935 1324 1976 inspicere,

841 1983 902 2023 Qui
925 1985 1085 2022 tamquam
1108 1982 1175 2013 ictu
1199 1981 1335 2021 fulguris

844 2032 964 2063 Puncto
989 2031 1124 2069 pereunt
1148 2028 1321 2070 temporis3

843 2075 1070 2117 cogitaverunt
1116 2074 1265 2114 nomilia,
1315 2084 1398 2115 quac

840 2133 910 2156 ‘non
926 2123 1105 2164 potuerunt
1126 2122 1278 2155 stabilire.

842 2182 992 2214 Sanctum
1019 2187 1133 2219 corpus
1158 2177 1333 2211 ferentibus

841 2228 949 2268 Prope
972 2227 1048 2259 litus
1073 2225 1268 2267 sedentibus,

843 2275 908 2314 Quo
933 2275 1066 2315 languor
1092 2273 1192 2306 omnis
1218 2274 1360 2316 pellitur,

841 2322 926 2354 Fons
950 2321 1019 2354 illic
1045 2320 1145 2354 dulcis
1171 2322 1281 2362 oritur,
