1655 2534
749 124 979 158 —28—

294 217 322 245 S.
348 219 512 252 Ferrarius,
540 220 587 246 De
612 220 696 246 rebus
721 219 909 254 Hungarieae
934 219 1101 254 provinciae
1126 218 1236 246 ordinis
1264 217 1510 250 Praedicatorurn,

217 255 348 289 Viennae
369 254 448 290 1637,
468 266 496 293 p.
517 254 573 284 342
592 265 659 293 sqq:
687 256 819 284 Officium
845 257 876 283 in
901 256 973 283 festo
999 256 1104 283 beatae
1126 256 1305 291 Margaritae
1330 255 1378 282 elie
1399 252 1443 282 18.
1457 255 1509 299 ’111-

216 294 313 320 nuarii
333 294 480 321 decantari
510 294 627 321 solitum
657 295 692 321 ab
720 293 820 321 ordine
846 293 1083 321 Praedicatorum
1113 295 1145 321 in
1174 294 1337 330 Hungaria.
1385 293 1513 328 „Incipit

215 330 340 358 historia
358 331 462 359 beatae
480 332 672 366 Margaritae,
701 332 823 366 virginis
844 332 981 364 eximiae,
1007 333 1104 367 quarti
1130 333 1208 367 regis
1233 332 1322 359 Belae
1341 327 1446 357 filiae.“
1471 344 1511 374 ¹—-

215 367 267 394 Ad
287 368 319 395 M
325 371 410 395 atut.
430 369 516 396 Iuvit.
539 367 556 396 3
576 369 725 396 Ferrarius
752 369 879 396 schreibt
903 370 974 396 stets
999 369 1174 404 Margarita,
1201 369 1330 396 obschon
1353 368 1404 396 der
1424 368 1509 396 Renn

216 405 282 432 sehr
301 405 399 442 haufig
418 406 465 433 die
478 407 564 434 Form
577 407 743 443 Margareta
761 406 877 434 fordert.
890 420 927 424 —
941 406 981 433 In
1001 404 1027 432 2.
1041 407 1144 434 Noet.
1164 405 1187 433 Α
1208 405 1233 439 2,
1249 404 1266 433 2
1287 406 1458 442 Spargebat.
1472 421 1480 425 —

214 442 255 469 In
274 440 300 470 3.
320 443 420 470 Noet.
443 442 463 469 R
489 442 515 478 3,
537 442 554 470 2
575 444 750 471 rutilantem.
770 458 807 462 —-
826 444 923 471 Hiezu
947 443 1075 479 gehtiren
1094 444 1156 471 drei
1175 445 1327 479 Hymnen:
1355 445 1387 471 in
1407 444 1508 478 Vesp.:

215 480 298 507 Novo
319 483 434 508 sacrata
452 481 558 517 gaudio
578 480 739 513 (Ferrarius
752 481 772 508 1.
786 489 809 508 c.
822 490 850 516 p.
864 479 928 513 342,
941 481 1057 515 Danke,
1070 481 1162 509 Vetus
1175 482 1371 517 Hymnarium
1385 490 1412 517 p.
1429 479 1507 516 159„

215 516 252 543 ad
271 518 353 545 Noet.
366 518 491 553 Hymnis
511 526 629 554 agamus
649 518 716 546 fidei
735 516 895 554 (Ferrarius
916 516 980 551 343,
1003 518 1109 546 Dank6
1132 517 1209 554 160);
1229 520 1261 546 in
1274 519 1383 546 Laud.:
1405 518 1508 546 Gratu-

214 553 289 581 letur
307 555 462 591 Hungaria
480 555 640 590 (Ferrarius
660 553 723 590 351,
743 556 849 584 Danke
872 554 944 589 166).

620 647 645 676 7.
671 646 715 676 De
735 654 758 676 s.
778 646 880 677 Maria
897 645 1099 686 Aegyptiaca.

347 713 392 744 In
417 715 446 745 1.
473 714 690 753 Vesperis.
1073 715 1118 742 Ad
1137 715 1316 751 Magnificat.

884 783 924 813 A.
954 781 1102 813 Exsultet
1126 782 1226 814 omnis
1251 783 1382 821 spiritus

426 823 618 859 Antiphonae.

247 943 254 950 .
280 917 395 958 Mater,
422 918 552 957 laetare,

281 964 477 1004 Agyptiacae
499 965 632 1005 Mariae,

283 1011 379 1049 Quam
404 1012 545 1051 respexit
569 1014 600 1043 et
624 1012 725 1043 erexit

280 1056 366 1088 Deus
393 1058 432 1089 de
456 1057 544 1089 faece
566 1058 648 1089 labis
672 1067 778 1098 prece,

325 1103 410 1143 Iugis
436 1104 478 1136 sit
500 1105 658 1136 memoria.

247 1222 253 1228 .
278 1195 332 1227 Ad
356 1196 481 1227 laudem
504 1197 566 1229 Dei
589 1198 700 1237 populi

276 1241 328 1273 Sic
353 1242 527 1274 excitentur
552 1244 663 1284 seduli,

277 1287 336 1326 Qui
359 1287 504 1331 firmavit,
532 1298 622 1329 quam
648 1291 767 1322 ereavit

276 1334 497 1375 Peccatricem,
526 1336 644 1368 donans
667 1338 768 1369 vicem

322 1381 359 1412 In
385 1382 512 1413 caelesti
536 1383 645 1422 gloria.

243 1498 250 1505 .
275 1474 422 1513 Regnans
447 1474 533 1506 Deus
558 1475 590 1506 in
615 1477 740 1508 saecula

277 1519 363 1551 Caeli
386 1521 470 1552 locat
492 1521 525 1552 in
549 1523 677 1561 specula

273 1566 365 1597 Hanc
388 1575 579 1608 conversam,
605 1569 677 1600 labe
691 1572 818 1610 tersam,

272 1612 397 1645 Levans
421 1614 487 1645 solo
511 1615 620 1646 reddit
642 1616 714 1655 polo

320 1660 548 1700 Aegyptiacam
571 1662 715 1694 Mariam.

238 1777 245 1784 .
272 1752 470 1784 Hierusalem
493 1753 673 1798 aedificans,

273 1798 359 1830 Deus
385 1805 417 1830 et
439 1800 649 1843 sanctificans,

271 1846 365 1877 Vitae
388 1849 494 1886 spreto
521 1848 560 1879 de
579 1848 726 1889 Aegypto

272 1892 418 1924 Sanctam
453 1894 580 1934 pangit,
627 1904 706 1935 quae
737 1907 820 1929 nunc

593 1943 708 1982 clangit

320 1986 508 2018 Caelestium
531 1987 705 2022 harmonia.

235 2102 241 2109 .
268 2080 446 2112 Annuntiat
471 2081 651 2113 caelestium

271 2126 346 2158 Sion
371 2128 487 2160 decora
509 2129 660 2160 mentium

271 2173 343 2204 Iesu
369 2173 491 2207 Christo
515 2175 626 2207 laudes
650 2177 721 2220 isto,

316 2220 405 2259 Quod
429 2221 593 2254 benedixit
615 2222 709 2266 filiae,

270 2267 366 2305 Quam
391 2271 556 2308 purgatam
581 2272 613 2301 et
637 2271 776 2303 dotatam

269 2313 362 2344 Vitae
386 2315 477 2355 dono,
501 2316 567 2356 iugi
590 2316 682 2358 bono,

319 2359 404 2392 Caeli
428 2362 529 2393 iunxit
552 2364 685 2403 patriae,

954 828 1052 859 Modo
1076 828 1219 868 salutari,

954 875 1013 913 Qui
1036 875 1173 906 maxima
1199 875 1348 907 divinitus

954 922 1103 953 Potenter
1127 922 1252 961 operari

955 968 1050 999 Valet
1072 968 1106 999 in
1131 969 1341 1009 generatione,

954 1013 1052 1052 Quam
1079 1015 1118 1045 de
1144 1016 1381 1048 conversatione

952 1060 1149 1099 Turpissima
1172 1062 1306 1102 Mariae,

951 1107 1141 1138 Peccatricis
1163 1108 1352 1151 Aegyptiae,

951 1152 1174 1185 Misericordia
1197 1163 1328 1186 serenae

952 1195 1134 1243 [Restituit]
1161 1201 1245 1232 vitae
1268 1202 1384 1243 plene;

949 1245 1187 1286 Magnificemus

951 1291 1001 1323 De
1025 1293 1091 1324 solo
1117 1294 1293 1326 immixtam
1319 1296 1393 1334 polo

949 1338 1086 1378 Hymnis
1112 1340 1215 1380 dignis
1242 1342 1467 1385 collaudemus,

949 1385 995 1417 Ut
1017 1386 1111 1417 beata
1135 1387 1215 1418 caeli
1241 1391 1332 1427 grata

948 1431 1048 1463 Nobis
1073 1432 1227 1465 beneficia

949 1477 1091 1510 Christus
1118 1480 1214 1512 donet
1238 1485 1269 1513 et
1295 1487 1423 1516 coronet

949 1524 1015 1556 Nos
1041 1534 1110 1557 cum
1135 1527 1267 1561 laetitia.

1010 1629 1072 1661 Ad
1096 1630 1364 1667 Matutinum.

1078 1703 1294 1734 Invitatorium.

946 1760 1062 1800 Magno
1085 1763 1162 1803 regi,
1194 1764 1247 1803 qui
1272 1774 1327 1797 suo
1353 1766 1441 1807 gregi

947 1806 999 1838 Sic
1025 1808 1065 1839 de
1088 1809 1233 1851 Aegypto

944 1853 1081 1886 Mariam
1106 1861 1214 1897 spreto
1240 1858 1325 1891 vitae
1348 1860 1412 1892 leto

943 1900 1114 1933 Iubilemus

943 1947 989 1978 Et
1011 1952 1142 1987 peccato
1166 1958 1245 1981 nece
1269 1954 1370 1984 strato

943 1993 1021 2025 Eius
1046 1997 1164 2027 statum
1189 1998 1400 2042 emendatum,

943 2040 1067 2085 Venite,
1094 2042 1156 2074 rite
1182 2044 1407 2079 collaudemus.

997 2144 1043 2176 In
1071 2144 1102 2179 1.
1121 2145 1257 2179 Noctu
1269 2157 1357 2182 rn0.

1086 2219 1279 2256 Antiphonae.

909 2300 915 2307 .
941 2275 1031 2307 Haec
1053 2276 1158 2312 Maria
1181 2279 1340 2320 Aegyptia

943 2321 1073 2355 Sumens
1099 2327 1202 2357 ortum
1223 2328 1308 2360 vitae
1332 2333 1461 2369 portum

985 2369 1035 2401 De
1059 2371 1206 2413 Aegypto
1230 2376 1372 2410 nascitur
