1655 2534
740 97 974 133 —50—

341 196 387 228 In
412 198 443 229 2.
466 195 681 235 Vesperis.

396 297 441 326 Ad
459 297 635 335 Magnificat.

209 386 250 416 A.
280 384 314 415 Jn
341 386 469 416 aeterna
492 384 641 416 memoria

280 430 341 461 Est
362 431 444 462 iusta
468 430 582 462 Christi
606 429 731 468 hospita

951 190 1038 224 Caeli
1062 189 1185 231 fulgens
1209 189 1242 221 in
1266 188 1370 230 gloria

951 239 998 271 Ob
1025 238 1202 270 sanctitatis
1227 236 1349 279 merita,

951 285 1036 324 Quae
1058 285 1091 317 in
1117 284 1169 316 die
1190 283 1361 316 novissimo

951 332 1022 365 Non
1047 331 1170 364 timebit
1193 330 1233 362 ab
1256 331 1388 370 asper1s‚

953 379 1028 412 Cum
1053 379 1180 418 hospite
1206 378 1388 410 dulcissimo

954 426 1073 457 Secura
1096 426 1158 458 iam
1182 426 1216 457 in
1241 425 1375 465 superiS.

287 495 368 523 Brev.
387 503 440 522 ms.
459 494 683 521 Franciscanum
703 493 771 520 anui
795 489 876 518 1332.
911 490 979 518 Ood.
996 489 1131 518 Casinen.
1154 486 1216 517 193.
1237 503 1275 507 —
1293 489 1334 516 In
1356 487 1380 516 1.
1397 489 1503 524 Vesp.

213 531 234 556 Α
257 530 280 564 1,
302 529 320 559 3
340 532 504 559 collocetur.
524 545 562 550 ——-
581 530 603 557 Α
624 531 650 563 32
672 528 690 557 2
711 529 810 564 fulges.
826 543 865 547 κ-
884 529 926 555 In
947 526 972 554 1.
992 528 1090 556 Noet.
1110 526 1132 553 Α
1154 525 1180 561 2,
1203 525 1218 553 1
1242 526 1312 562 quid
1332 535 1447 562 urgens.
1469 540 1505 545 -

212 567 276 634 ἑξ,
297 568 315 597 3
337 577 393 604 quo
413 571 511 597 beans.
530 583 568 588 ———
587 567 609 594 Α
630 565 656 600 3,
676 567 696 595 4
715 567 840 594 caelesti.
863 581 897 584 —
918 565 960 592 In
980 563 1007 592 2.
1026 566 1129 593 Noet.
1160 563 1181 591 R
1208 562 1236 600 2,
1255 563 1273 591 2
1294 564 1384 592 Caeli.
1404 578 1442 583 —
1460 564 1504 592 In

265 607 316 633 ud.
337 605 358 633 Α
378 605 405 640 4,
425 604 445 633 4
463 605 527 633 hac.

656 713 695 744 17.
727 713 770 744 De
789 714 899 744 saneta
920 712 1052 744 Martha.

347 784 393 815 In
422 784 448 816 i.
475 782 690 822 Vesperis.

394 856 486 893 Super
504 857 645 884 Psalmos.

214 916 253 946 A.
284 913 385 952 Salve,
413 915 547 945 clemens
570 914 696 954 hospita

329 959 438 992 Nostri
461 961 659 1000 redemtoris,

284 1006 421 1045 Martha,
446 1008 481 1037 tu
504 1016 560 1039 nos
585 1006 700 1039 adiuva

330 1052 422 1084 Nune
446 1056 476 1083 et
502 1054 621 1085 cunctis
645 1053 741 1085 horis.

399 1127 444 1153 Ad
462 1125 638 1163 Mag-nificat.

248 1210 254 1216 .
286 1182 403 1221 Gloria,
428 1183 560 1222 Christo,
586 1183 655 1222 tibi,

331 1230 382 1269 qui
407 1230 565 1261 Martham
591 1229 667 1262 sede
684 1229 828 1269 polorum

287 1276 430 1314 Hospitio
455 1275 589 1314 refoves,

331 1326 363 1354 tu
387 1323 484 1361 cibus,
509 1325 594 1355 sorte
617 1323 750 1364 piorum,

285 1369 361 1400 Eius
385 1378 441 1401 nos
468 1370 586 1401 meritis

332 1416 407 1446 sorti
433 1416 584 1455 coniunge
607 1416 769 1447 bonorum.

349 1508 409 1539 Ad
433 1508 693 1542 Matutinum.

412 1582 625 1609 Invitatorium.

286 1628 462 1660 Laudemus
487 1629 664 1667 Dominum,

334 1675 385 1715 qui
409 1676 568 1707 Martham
590 1676 678 1715 large
703 1676 809 1707 beavit

286 1722 424 1753 Aeterno
449 1730 507 1762 pro
530 1725 656 1754 terreno

336 1769 491 1809 caelisque
513 1769 638 1803 locavit.

346 1871 392 1903 In
420 1872 449 1903 1.
475 1871 702 1903 Nocturno.

426 1944 618 1979 Antiphonae.

254 2026 262 2034 .
287 2003 365 2041 Ave,
391 2002 462 2033 Iesu
486 2001 656 2034 laudabilis

288 2048 332 2080 Et
355 2049 486 2081 multum
510 2048 720 2087 admirabilis,

287 2095 346 2133 Qui
358 2095 514 2134 quondam
528 2104 584 2127 eeu
596 2104 718 2135 pauper
729 2096 832 2137 homo,

288 2142 435 2174 Marthae
458 2145 603 2182 receptus
629 2151 661 2174 es
687 2143 787 2174 domo.

255 2223 263 2231 .
288 2200 368 2238 Ave,
392 2199 440 2230 sol
462 2199 612 2241 iustitiae,

336 2246 417 2284 Iesu,
442 2246 508 2276 sole-
530 2250 634 2286 natuS,

287 2291 434 2323 Marthae
457 2294 660 2325 tabernaculo

336 2341 444 2378 pastus
469 2342 501 2370 et
523 2342 659 2379 potatus.

899 784 931 815 3.
955 783 1035 822 Ave,
1060 783 1133 814 Iesu
1156 781 1305 822 Domine,

999 827 1102 860 faetor
1127 831 1157 859 et
1182 828 1316 867 factura,

954 875 1022 907 Nos
1045 884 1104 914 pro
1128 875 1276 907 Marthae
1300 874 1423 906 meritis

1002 920 1075 954 fove
1098 923 1187 953 suavi
1213 930 1297 954 cura.

1090 1034 1297 1069 Responsoria.

900 1118 929 1150 1.
957 1117 1054 1157 Syrus
1081 1119 1144 1150 dux
1168 1118 1289 1157 Syriae,

1003 1173 1128 1205 quoque
1147 1164 1319 1196 muitarum
1334 1164 1508 1205 regionum,

954 1210 1143 1243 Euchariam
1170 1212 1259 1243 duxit

1007 1259 1106 1297 regali
1130 1258 1272 1297 germine
1294 1260 1412 1300 natam,

957 1303 1103 1344 Gignitur
1127 1304 1176 1335 his
1200 1304 1340 1341 Martha,

1005 1350 1121 1383 devota
1142 1360 1201 1390 per
1225 1351 1333 1383 omnia
1356 1351 1496 1391 Christo,

917 1421 925 1429 .
954 1397 1099 1437 Hospita,
1126 1398 1285 1440 servitr1x,

1004 1443 1198 1484 famulatrix,
1224 1443 1352 1476 fervida
1371 1445 1489 1476 nutrix.

923 1544 931 1551 .
956 1518 1094 1561 Martha,
1122 1518 1208 1558 virgo
1231 1518 1359 1558 nobilis,

1001 1565 1134 1596 multum
1156 1565 1316 1597 infirmat-a

956 1611 1001 1642 Et
1027 1611 1090 1652 diu,
1105 1612 1173 1654 (sed
1198 1611 1325 1644 Domini

1003 1658 1120 1690 virtute
1143 1661 1264 1698 sanata,

959 1703 1072 1745 Corde,
1096 1713 1161 1745 ore,
1188 1714 1284 1746 opere

1003 1760 1077 1784 nam
1101 1760 1227 1792 semper
1252 1752 1365 1784 dilexit

958 1797 1060 1841 Hunc,
1087 1799 1161 1830 hino
1184 1800 1267 1831 hanc
1291 1799 1333 1831 ad
1358 1808 1472 1841 supera

1007 1854 1064 1877 ceu
1088 1854 1174 1877 suam
1199 1846 1364 1889 provexit3

920 1916 927 1924 .
956 1891 1026 1923 Rex
1049 1892 1133 1924 bona
1155 1901 1214 1931 pro
1238 1893 1360 1924 meritis

1007 1939 1063 1970 dat
1084 1939 1156 1978 pius
1180 1939 1250 1979 ipse
1274 1939 1348 1971 suis.

929 2036 936 2045 ,
962 2011 1066 2052 Salve,
1091 2013 1192 2053 stirpe
1216 2014 1306 2052 regia

961 2058 1055 2099 Nata,
1083 2059 1159 2091 felix
1184 2060 1309 2099 hospita

1006 2104 1118 2137 Nostri
1140 2107 1318 2151 saivatoris,

960 2152 1099 2191 Martha,
1126 2151 1187 2193 fac,
1212 2156 1249 2184 ut
1272 2155 1376 2187 omnia

960 2198 1061 2231 Nobis
1083 2202 1138 2232 tua
1160 2200 1274 2233 merita

1008 2247 1136 2279 Prosint
1161 2248 1281 2280 cunetis
1306 2249 1404 2291 horis,

891 2292 930 2328 V,
957 2292 1003 2324 Te
1027 2294 1101 2332 quia
1123 2295 1263 2327 salvator

1009 2340 1122 2373 dilexit
1146 2345 1249 2375 castus
1275 2347 1407 2379 amator.
