1655 2534
707 112 964 147 —267—

250 204 366 238 Ruunt
391 209 539 240 astantes
564 208 692 248 pariter

300 253 416 285 Stante
443 254 514 285 solo
539 255 648 296 lapso,

254 300 357 339 Quem
382 301 526 332 clemens
549 302 613 333 Dei
640 302 749 342 gratia

300 347 498 379 Revinctum
523 350 572 380 sic
597 349 803 382 monstravit.

254 394 352 426 Hunc
377 403 474 426 sacra
499 396 542 427 ad
568 394 678 428 officia

300 442 424 481 Aptum
452 442 655 483 acclamavit,

250 488 390 528 Eligens
416 488 550 529 dignum
574 490 756 530 praesulem

299 536 503 567 Amiterniae
527 537 639 576 urbis;

254 582 334 614 Sese
360 583 474 614 subdit
499 582 657 615 humilem

300 630 498 661 Astantibus
525 640 597 663 cum
622 630 746 670 turbis3

254 678 304 709 Sit
327 677 362 708 in
386 686 503 708 aevum
522 678 730 717 benedictus,

301 724 362 762 Qui
389 724 538 756 visitavit
562 725 705 765 plebem.

990 208 1036 240 In
1062 211 1094 241 2.
1118 208 1345 248 Vesperis.

1048 281 1093 309 Aa
1112 281 1290 317 Magnifieat.

861 341 901 374 A.
932 339 1030 380 Audi,
1055 340 1188 380 praesul
1213 339 1322 379 digne,

978 386 1067 419 Vota
1090 390 1125 418 et
1147 387 1346 427 precamina,

933 433 1065 466 Perduc
1088 437 1197 465 tecum
1220 442 1280 464 nos
1306 433 1447 473 benigne

980 480 1033 512 Ad
1059 483 1249 513 sanctorum
1274 481 1414 520 agmina,

932 527 1075 560 Nostrae
1098 527 1205 568 plebis
1230 529 1346 566 pastor
1364 528 1480 566 bonus,

981 574 1065 606 Oves
1090 578 1165 606 tuas
1188 582 1299 613 nosce,

932 621 1192 660 Lutomyslensis
1218 629 1253 652 es
1277 622 1433 659 patronus

980 668 1124 700 Salutem
1149 668 1245 699 nobis
1270 676 1382 707 posce.

257 779 341 805 Brev.
366 787 419 806 ms.
446 779 684 815 Pedepontanum
711 779 781 805 anni
809 776 891 806 1398.
934 778 1002 805 Cod.
1026 779 1156 807 Meliten.
1184 779 1305 813 Pragen.
1338 776 1365 805 8.
1385 793 1423 797 —
1443 779 1484 805 In

182 813 207 841 1.
228 815 332 843 Noct.
362 814 381 841 R
408 814 434 851 2,
456 814 473 842 2
501 824 585 852 agros
611 819 719 843 terram
743 816 860 852 linquit.
886 832 923 836 —-
948 816 990 843 In
1010 814 1036 842 2.
1057 816 1160 844 Noct.
1182 816 1200 842 Α
1219 815 1245 849 3,
1266 812 1284 842 3
1305 815 1481 843 consoletur

178 856 314 880 mentem.
330 867 368 871 ——
381 854 422 880 In
442 851 468 880 3.
489 853 592 881 Noct.
614 852 634 879 Β
658 852 681 886 1,
703 851 721 880 3
741 853 866 889 Plang-it.
880 868 917 872 —
933 852 953 879 Β
976 852 1001 887 1,
1021 852 1041 880 4
1059 854 1118 881 Via
1137 855 1201 881 iter.
1217 867 1254 872 —
1268 851 1288 878 Β
1309 850 1335 887 3,
1356 852 1373 880 5
1393 854 1480 880 Lie-:

179 890 358 918 Severinus?
380 891 449 918 oder
468 891 555 919 sollte
575 890 639 918 sich
659 890 722 918 hier
742 890 793 917 der
808 891 958 919 Verfasser
979 893 1114 918 nennen‘?
1143 906 1166 910 —
1180 892 1219 918 In
1238 890 1347 918 Laud.
1370 891 1388 916 Α
1409 889 1435 924 2,
1460 888 1474 916 1

181 928 270 955 Hunc
288 928 435 956 internali-

616 1010 659 1043 97.
695 1010 737 1040 De
757 1010 864 1042 sancto
884 1008 1056 1040 Victorino.

313 1072 360 1104 In
386 1072 417 1104 1.
444 1071 675 1113 Vesperis.

401 1154 597 1190 Antiphonae.

198 1213 230 1245 1.
254 1213 388 1245 Laudes
412 1213 536 1253 psallat
559 1213 735 1253 praeconio

252 1260 421 1292 Virtutum
447 1259 606 1300 tripudio,

252 1307 363 1339 Mater
386 1309 511 1347 pangat
537 1307 680 1339 ecclesia

251 1354 418 1386 Victorini
447 1354 634 1387 sollemnia.

195 1411 227 1442 2.
254 1410 371 1443 Clarus
395 1409 504 1442 infans
527 1420 611 1451 puer
637 1418 790 1442 crescens

255 1457 384 1498 Castus,
408 1457 556 1498 prudens
583 1458 790 1497 adulescens,

250 1505 353 1544 Quem
376 1505 493 1536 laudat
511 1505 631 1537 chorus
649 1505 805 1545 gentium.

195 1561 226 1593 3.
253 1561 334 1593 Vita
359 1569 440 1593 suae
465 1561 647 1593 iuventutis

297 1609 402 1640 Plena
425 1608 489 1640 Dei
513 1608 678 1648 laudibus,

251 1656 332 1688 Vita
357 1657 427 1688 eius
453 1664 546 1696 spem
571 1656 687 1688 salutis

298 1704 421 1735 Amans
447 1703 530 1735 totis
555 1703 693 1743 viribus,

252 1750 434 1790 Erogabat,
461 1750 549 1790 quod
574 1750 700 1781 habeat

299 1797 411 1830 Servis
440 1796 565 1831 Christi
590 1796 754 1830 fidelibus

192 1855 224 1887 4.
250 1854 442 1887 Victorinus
466 1857 544 1894 post
567 1853 750 1894 procellam

250 1902 374 1934 Rerum
398 1904 526 1934 vastam
551 1901 637 1942 petit
654 1896 798 1944 [cellam]

249 1950 400 1982 Psallens
415 1948 546 1981 Christo
564 1957 664 1989 prece
677 1947 799 1980 munda

250 1997 384 2030 Laudes
409 2005 490 2029 voce
516 2006 589 2030 cum
613 1995 768 2028 iucunda.

193 2054 223 2086 5.
252 2054 389 2093 Quando
414 2055 531 2086 nactus
556 2053 783 2093 praesularem

249 2102 439 2134 Victorinus
462 2100 656 2141 dignitatem

294 2149 456 2181 Miturnia
479 2147 602 2189 floruit,

248 2196 380 2237 Magnis
407 2196 521 2237 signis,
548 2196 652 2235 miris,
679 2194 787 2235 dignis

249 2244 406 2277 Laudans
418 2243 536 2285 Deum,
556 2242 644 2284 quod
656 2251 718 2283 per
731 2251 805 2275 eum

296 2291 455 2323 Feliciter
480 2291 617 2331 claruit3

250 2338 461 2379 Caecitatem,
486 2339 684 2372 surditatem

296 2386 342 2418 Et
364 2389 529 2420 mutorum
553 2386 735 2427 perniciem

930 1070 981 1102 Ac
1006 1070 1209 1111 claudorum,
1234 1069 1458 1110 podagrorum

980 1117 1082 1150 Sanat
1106 1117 1170 1149 Dei
1196 1115 1357 1157 pontifex.

862 1173 902 1205 R.
933 1173 1121 1206 Victorinus
1146 1175 1201 1214 pio
1229 1173 1328 1205 corde

979 1221 1183 1253 Revolvebat
1206 1221 1339 1262 iugiter,

932 1268 1069 1308 Absque
1093 1268 1178 1308 labe,
1204 1268 1329 1307 absque
1354 1267 1454 1299 sorde

979 1314 1027 1347 Ut
1051 1313 1158 1347 Deum
1184 1316 1272 1346 amet
1297 1314 1452 1355 digniter,

934 1361 1071 1401 Quaerit
1095 1371 1206 1393 amans
1231 1361 1266 1392 in
1292 1365 1399 1393 amato

979 1409 1056 1440 Iesu
1081 1407 1278 1449 confirmari,

863 1455 904 1489 V.
934 1456 1017 1487 Eius
1042 1456 1117 1496 lege
1143 1458 1177 1487 et
1200 1455 1353 1487 mandato

981 1502 1168 1543 Peroptans
1194 1502 1324 1534 sociari.

1051 1578 1097 1604 Ad
1116 1575 1295 1612 Mag-nificat.

862 1636 902 1667 A.
934 1635 1147 1676 Illustrisque
1171 1637 1296 1674 martyr
1322 1634 1446 1667 Christi

933 1682 1114 1723 Pretiosus,
1139 1682 1346 1723 praecellens
1373 1691 1484 1722 opere,

933 1729 1123 1762 Victorinus
1150 1738 1312 1770 generose

935 1776 1062 1810 Cuncta
1086 1777 1286 1818 resignando

933 1824 980 1856 Et
1005 1826 1116 1865 egenis
1144 1827 1264 1857 cuncta
1290 1824 1396 1856 dando

929 1871 1146 1912 Magnificans
1171 1872 1355 1915 Dominum,

927 1919 993 1952 Pro
1017 1920 1114 1952 nobis
1141 1922 1216 1952 orat

980 1966 1173 2008 Dominum,
1208 1967 1263 2006 qui
1289 1970 1408 1999 cuncta
1432 1975 1484 1998 co-

1258 2017 1365 2046 ronat.

989 2108 1051 2140 Ad
1075 2108 1349 2141 Matutinum.

1066 2183 1282 2210 Invitatorium.

930 2241 1143 2274 Exsultemus
1168 2240 1268 2273 corde
1291 2241 1348 2281 pio

932 2289 1094 2321 Victorini
1117 2288 1268 2329 Domino,

933 2336 993 2375 Qui
1018 2336 1106 2369 hunc
1129 2335 1212 2368 fecit
1236 2337 1421 2369 antistitem

930 2384 1045 2417 Tantis
1069 2384 1238 2417 miraculis
1262 2383 1453 2426 fulgentem.
