1655 2534
763 164 1016 199 —304—

246 264 279 291 A.
304 263 400 291 Filiae
418 263 498 296 Sion,
518 261 657 298 plaudite,
916 256 949 282 A.
973 254 1004 281 Μ
1010 263 1028 281 a
1034 263 1053 289 g
1059 254 1095 280 ni
1102 253 1116 279 f
1118 253 1128 279 i
1136 259 1152 278 c
1159 259 1177 278 a
1184 253 1197 278 t
1209 251 1367 278 Dominum

300 301 416 328 Festum
436 301 512 328 diem
532 299 627 326 ducite

299 338 387 372 Regis
410 345 508 373 regum
530 344 581 372 pro
601 335 696 370 gloria

298 375 334 402 Iu
352 375 479 401 Irminae
497 373 645 406 memoria,

299 412 378 445 Quae
398 412 479 446 virgo
500 410 600 445 stirpis
620 408 717 443 regiae

298 449 405 484 Regem
428 448 530 475 dilexit
549 446 667 482 gloriae.

973 291 1149 326 Angelorum
1170 291 1199 316 et
1217 288 1368 315 hominum

972 328 1080 356 Nostra
1099 327 1205 353 devota
1224 326 1325 352 anima

971 365 1008 392 In
1026 363 1192 392 venerenda
1209 361 1328 394 Irmina,

974 402 1066 434 Quam
1087 404 1117 428 et
1133 401 1183 427 hic
1203 399 1396 436 magnificasti

970 440 1012 467 Et
1030 441 1062 467 in
1082 439 1172 466 caelis
1193 439 1350 466 coronasti.

316 538 378 567 132.
398 540 580 570 Iulianae,
596 537 720 571 virginis
734 536 879 568 martyris,
894 533 938 561 16.
952 534 1036 561 Febr.
1051 531 1112 569 [fol.
1128 529 1181 560 139
1189 530 1228 568 b].
1251 532 1328 559 Eine
1342 531 1360 557 Α
1377 532 1436 559 und
1453 533 1500 559 ein
1515 529 1535 557 R

241 576 288 604 dio
307 577 368 604 sich
388 578 419 603 in
438 577 493 603 den
516 574 644 603 Officien.
668 573 753 600 Anal.
776 573 881 606 XXVI,
903 573 953 599 Nr.
975 569 1012 598 64
1030 570 1090 598 und
1110 567 1145 597 65
1166 570 1248 597 nicht
1265 569 1376 597 finden:

650 640 682 666 A.
705 639 829 672 Iuliana,
849 639 932 674 virgo
953 640 1045 673 grata,

702 676 883 703 Afflictorum
902 676 1043 704 advocata

704 713 745 740 Et
764 713 899 748 adiutrix,
921 714 962 740 sis
981 715 1093 750 rogata,

703 751 746 779 Ut
767 751 894 779 defectus
916 752 945 778 et
963 753 1084 785 peecata

706 789 763 816 Per
782 791 811 816 te
830 789 916 816 nobis
937 789 997 815 sint
1016 789 1125 816 ablata.

463 857 496 884 R.
520 856 668 883 Instantes
689 855 771 883 laudi
790 855 923 882 Iulianae
941 862 1003 886 nos,
1024 855 1114 887 Deua
1135 854 1213 885 audi,

522 894 897 929 Inquamagna....‚

918 893 969 928 qui
989 895 1091 927 potens
1113 900 1151 924 es,
1174 893 1312 928 operaris,

525 931 567 958 Ut
584 931 699 967 fragilis
721 938 807 958 sexus
827 930 911 957 nulla
928 930 1083 957 formidine
1101 930 1193 956 flexus

522 969 547 995 A
569 970 597 995 te
616 969 749 1001 vellatur,
771 967 821 995 sed
842 973 872 995 et
890 976 959 995 ense
978 969 1060 1002 prius
1079 968 1228 994 moriatur.

466 1006 499 1031 V.
523 1006 557 1032 In
577 1007 659 1033 cuius
680 1007 752 1033 festo
773 1007 859 1033 nobis
892 1002 952 1040 pie]
973 1013 1086 1041 semper
1107 1004 1205 1032 adesto

525 1044 641 1078 Nosque
661 1046 728 1079 post
747 1051 862 1070 cursum
889 1039 989 1077 huius]
999 1044 1080 1070 vitae
1093 1042 1175 1069 trahe
1189 1051 1311 1070 sursum.

319 1133 382 1163 133.
403 1135 561 1169 Iuliani,
583 1137 713 1172 episcopi
733 1137 995 1170 Cenomannensis‚
1016 1137 1203 1169 confessoris,
1225 1134 1270 1163 27.
1290 1137 1352 1164 Ian.
1373 1133 1435 1172 [fol.
1458 1133 1538 1163 68b.

239 1173 386 1208 Folgende
405 1173 448 1201 als
470 1174 490 1199 Α
512 1174 698 1202 bezeichnete
712 1174 819 1208 Zeilen,
841 1175 887 1202 die
907 1172 990 1201 indes
1010 1174 1267 1210 augenscheinlich
1287 1173 1369 1200 nicht
1380 1174 1517 1210 litui-giso

236 1211 301 1238 sind
321 1211 379 1237 und
400 1211 487 1239 daher
509 1212 576 1239 kein
600 1212 810 1240 Reimofficium
830 1213 987 1247 anzeigen:

689 1278 805 1310 Hospes
827 1277 945 1310 Christi,
965 1276 1088 1309 Iuliane,

690 1315 791 1341 Fundo
812 1323 912 1350 preces
932 1314 988 1341 tibi
1007 1322 1102 1348 mane,

691 1353 733 1380 Ut
751 1360 797 1378 me
815 1352 890 1379 velis
912 1359 1086 1379 conservare

690 1389 786 1424 Atque
804 1392 899 1415 tecum
919 1396 1078 1423 provocare

726 1427 763 1453 In
782 1427 831 1453 tuo
851 1425 989 1460 hospitio.

319 1507 380 1536 134.
399 1509 540 1542 Ivonis,
561 1510 722 1544 presbyteri
743 1511 772 1536 et
791 1509 972 1541 confessoris,
996 1508 1038 1536 19.
1058 1510 1131 1536 Maii
1153 1507 1188 1536 1⁰
1207 1507 1268 1546 [fol.
1283 1508 1366 1546 79a].
1400 1512 1470 1539 Drei
1492 1510 1538 1537 ΑΑ

241 1554 293 1573 aus
314 1545 378 1572 dem
392 1546 524 1573 Officium
536 1545 621 1572 Anal.
635 1546 717 1579 X111,
737 1546 787 1573 Nr.
802 1545 846 1573 67.
868 1560 905 1563 —
925 1544 963 1571 2ο
983 1543 1044 1580 [fol.
1060 1544 1114 1573 160
1122 1544 1162 1582 bJ.
1195 1548 1273 1574 Zwei
1295 1546 1350 1580 ΑΑ,
1373 1549 1421 1576 die
1437 1551 1468 1576 in
1481 1549 1538 1576 den

240 1584 304 1609 vier
322 1583 407 1609 Anal.
427 1583 502 1610 X1H
528 1583 719 1617 mitgeteilten
745 1582 864 1610 Officien
892 1583 975 1609 nieht
998 1583 1202 1618 vorkommen3
1227 1584 1275 1612 die
1298 1586 1400 1613 zweite
1425 1586 1540 1613 scheint

242 1620 324 1645 nicht
342 1619 494 1654 liturg-isch
513 1628 550 1645 zu
570 1620 641 1646 sein.

243 1683 277 1710 A.
303 1684 327 1710 O
346 1683 432 1709 decus
452 1684 628 1717 Britanniae,
915 1683 952 1711 A.
977 1681 1027 1721 [Ο]
1048 1686 1195 1714 confessor
1214 1688 1271 1715 Dei
1290 1688 1370 1715 mitis

340 1720 418 1747 Laus
439 1720 651 1754 advocatorum,

299 1758 434 1784 Assertor
451 1758 590 1791 iustitiae,

337 1794 450 1829 Regula
469 1796 618 1827 iustorum,

298 1831 375 1858 Vera
394 1831 446 1858 lux
467 1831 614 1865 ecclesiae,

337 1868 494 1904 Exemplar
512 1869 653 1897 bonorum

299 1906 368 1933 Dux
387 1906 600 1933 misericordiae

337 1943 399 1975 Ivo‚
420 1943 512 1971 forma
530 1952 649 1978 morum,

302 1981 344 2007 Te
364 1984 498 2008 canentes
518 1981 605 2008 hodie

338 2018 372 2044 In
391 2017 469 2045 valle
488 2018 618 2046 dolorum

302 2055 348 2082 De
367 2055 446 2083 faece
465 2057 614 2091 nequitiae

335 2092 382 2119 Ad
401 2094 509 2120 statum
528 2095 668 2122 iustorum

297 2130 396 2157 Reduc
414 2130 488 2158 dono
510 2132 631 2166 gratiae,

337 2169 378 2195 Ut
397 2176 461 2195 cum
481 2169 636 2197 electorum

298 2205 423 2232 Numero
445 2208 474 2233 et
495 2203 533 2241 [l:
554 2204 599 2242 in]
619 2210 718 2244 requie

336 2242 494 2277 Iungamur
513 2244 653 2279 polorum.

971 1722 1012 1750 Et
1030 1724 1146 1751 sedator
1164 1733 1289 1761 magnae
1307 1725 1370 1753 litis

1011 1760 1130 1796 Semper
1151 1770 1215 1790 cum
1235 1764 1357 1796 iustitia,

973 1797 1034 1832 lvo,
1054 1807 1105 1834 per
1125 1807 1252 1828 amorem
1273 1800 1381 1830 Christi

971 1834 1136 1864 Advocatus
1156 1839 1188 1864 ‘cu
1208 1839 1288 1865 fuisti

1009 1874 1188 1902 Detestando
1208 1877 1291 1909 vitia,

971 1910 1136 1947 Pauperum
1156 1914 1189 1940 tu
1207 1915 1256 1949 pie
1275 1922 1378 1943 causas

970 1948 1113 1976 Direxisti
1132 1953 1251 1987 propter
1272 1960 1397 1987 pausas3

1009 1987 1145 2014 Divitum
1163 1986 1215 2023 (tu)
1235 1991 1375 2025 sprevisti
1394 1991 1472 2019 dona

973 2023 1142 2058 Cunctaque
1165 2027 1281 2054 terrena
1300 2028 1379 2055 bona

1012 2061 1104 2088 Simul
1126 2065 1303 2091 transitoria.

971 2097 1064 2126 Nobis
1084 2096 1122 2134 [1:
1141 2099 1230 2137 Mihi]
1248 2111 1317 2129 vero
1339 2102 1499 2132 advocatus

973 2134 1019 2162 Sis
1033 2137 1065 2162 in
1079 2139 1171 2164 morte
1184 2139 1253 2166 dum
1267 2140 1350 2168 citati
1363 2138 1401 2177 [l:
1417 2142 1536 2180 citatus]

1009 2172 1182 2209 Fam-imms)
1201 2180 1403 2213 peremptorie„

972 2210 1014 2237 Ut
1033 2211 1121 2238 iudex
1140 2213 1290 2250 mitigetur

974 2267 1289 2278 .................
1314 2253 1479 2292 detur(que)

1011 2285 1125 2314 Corona
1142 2288 1293 2317 victoriae.

320 2361 382 2390 135.
402 2364 558 2400 Kanut1,
578 2366 658 2395 ducis
673 2368 791 2395 Slaviae
805 2366 838 2405 [Ξ]
854 2372 884 2396 et
895 2372 1039 2407 martyris,
1053 2371 1080 2399 7.
1096 2372 1158 2399 Ian.
1173 2370 1234 2410 [fol.
1248 2373 1284 2403 87
1291 2374 1329 2413 a].
1350 2377 1428 2407 Eine
1445 2378 1476 2415 Α,
1492 2381 1540 2409 die

241 2401 303 2428 dem
326 2400 457 2429 Officium
478 2403 563 2431 Anal.
585 2404 691 2439 XXVI,
711 2406 761 2433 Nr.
782 2404 817 2433 67
837 2407 922 2434 fehlt:
