1655 2534
661 95 894 131 -17—

552 186 580 216 3.
610 188 653 219 De
673 189 782 220 sancta
802 188 993 230 Margareta.

259 255 307 286 In
335 254 365 287 1.
393 255 503 296 Vesap
515 257 612 289 eris.

306 336 399 373 Super
418 338 560 368 Psalmos.

119 404 161 436 A.
192 403 216 435 Ο
241 403 436 447 Margareta,

241 450 398 483 caelorum
425 452 513 494 virgo
538 458 661 488 secreta

190 498 259 529 lam
284 499 507 539 conscendisti,

239 544 426 579 suavissima
450 547 579 580 victima
604 549 732 593 Christi,

192 591 257 624 Ora
280 601 339 632 pro
363 593 465 636 nobis,

241 639 341 671 virtus
367 649 427 680 quo
450 644 571 673 crescat
597 643 722 676 amoris.

310 722 356 750 Ad
375 724 555 759 Magnificat.

154 817 160 824 .
191 789 433 831 Magnificemus
459 791 638 833 Dominum,

189 836 388 870 salvatorem
413 838 559 878 omnium,

191 885 228 916 In
253 883 368 926 spiritu
394 885 588 918 exsultantes

189 930 235 963 Et
257 930 373 963 festum
399 932 595 965 celebrantes

190 978 309 1011 Beatae
329 978 543 1022 Margaretae,

190 1025 337 1057 Ancillae
361 1026 488 1058 humilis
514 1035 599 1067 suae,

190 1071 256 1104 Nos
280 1073 317 1104 ut
341 1072 481 1105 eiusdem
505 1074 655 1114 precibus

194 1119 366 1151 Criminum
374 1129 585 1160 expurgemur
590 1120 740 1154 faecibus.

255 1251 318 1284 Ad
343 1252 610 1286 Matutinum.

325 1336 540 1364 Invitatorium.

189 1404 362 1436 Auctorem
388 1404 484 1443 vitae,

238 1449 398 1483 Christum
422 1449 556 1483 laudare
581 1451 696 1495 venite,

192 1497 249 1530 Cui
274 1496 459 1538 Margareta

239 1547 411 1584 conregnat
434 1544 467 1576 in
495 1544 637 1577 aethere·
647 1546 742 1578 laeta.

253 1669 302 1701 In
328 1668 359 1701 1.
386 1668 445 1701 No
456 1670 616 1701 cturno.

333 1752 530 1789 Antiphonae.

156 1847 163 1854 .
190 1821 281 1853 Haec
304 1820 393 1860 virgo
417 1820 609 1862 praedicans

238 1876 352 1901 nomen
377 1870 475 1907 tuum,
504 1866 630 1899 Christe
654 1866 745 1908 bone,

191 1917 221 1948 A
244 1919 278 1948 te
301 1915 418 1948 meruit
443 1914 588 1947 coronari

239 1963 341 2005 gloria
366 1966 397 1995 et
419 1963 549 1995 honore.

157 2048 164 2055 .
191 2020 419 2054 Testimonium
442 2018 573 2051 Domini
593 2017 699 2058 fidele,

191 2067 388 2109 Sapientiam
405 2067 568 2108 praestitit
582 2065 745 2107 parvulae,

190 2116 302 2149 Hostis
324 2115 398 2147 ideo
423 2113 625 2147 saevissimus

188 2164 262 2197 Non
287 2163 466 2196 dominatus
492 2164 540 2193 est
565 2160 641 2195 eius.

157 2249 164 2257 .
190 2219 410 2255 Innocentiam
434 2218 575 2250 retinens

190 2268 410 2307 mandumque
434 2274 490 2297 cor
516 2264 651 2305 diligens

189 2316 254 2349 Per
278 2323 396 2356 poenas
420 2312 612 2353 temporales

190 2364 304 2397 Portas
328 2361 474 2394 introivit
497 2358 686 2393 aeternales.

174 2424 300 2448 Dreros.
315 2420 438 2449 Historiae
452 2417 608 2448 rhythmicae.
638 2414 690 2440 VII.

1012 258 1218 294 Responsoria.

817 335 847 367 1.
874 333 966 365 Felix
987 333 1084 374 igitur
1108 334 1298 375 Margareta,

874 380 1035 421 Sacrilego
1059 381 1211 421 sanguine
1233 384 1410 424 progenita,

874 426 996 469 Fidem,
1022 436 1113 466 quam
1138 428 1253 467 spiritu

919 477 1030 505 sancto
1054 475 1207 518 percepit,

876 520 1029 553 Vitiorum
1054 521 1184 554 maculis

921 577 983 600 non
1008 567 1136 608 infecit;

836 640 843 648 .
873 613 947 647 Ibat
971 615 1012 647 de
1034 615 1152 646 virtute

920 661 953 693 in
977 662 1126 694 virtutem

874 709 1036 741 Ardenter
1059 709 1169 741 sitiens

923 755 1044 788 animae
1068 756 1211 788 salutem.

842 866 847 872 .
873 838 962 871 Haec
985 840 1110 871 modica

921 886 1047 925 quidem
1071 886 1105 918 in
1123 886 1255 928 malitia,

874 932 938 964 Sed
962 933 1042 964 mire
1066 932 1175 973 vigens

915 978 1082 1018 pudicitia,

873 1026 1050 1057 Praeventa
1073 1025 1177 1065 gratia
1199 1027 1410 1066 redemptoris

872 1072 1018 1105 Oviculas
1042 1072 1194 1111 pascebat
1217 1072 1359 1107 nutricis.

833 1145 839 1152 .
871 1119 1012 1158 Simplex
1037 1118 1099 1151 fuit
1121 1120 1155 1152 ut
1181 1119 1334 1160 columba,

870 1167 1138 1205 Quemadmodum
1162 1175 1294 1207 serpens
1309 1168 1423 1200 astuta.

839 1275 846 1283 .
874 1251 1017 1290 Quadam
1043 1251 1094 1283 die
1119 1250 1277 1293 Olybrius,

871 1297 1027 1331 Molestus
1052 1298 1120 1330 Deo
1147 1301 1179 1329 et
1202 1298 1391 1340 hominibus,

872 1345 956 1377 Dum
981 1345 1139 1377 transiens
1163 1345 1266 1377 visum

919 1392 952 1423 in
976 1392 1065 1424 illam
1090 1392 1221 1433 sparsit,

870 1438 949 1471 Mox
972 1439 1005 1471 in
1032 1438 1289 1479 concupiscentia

919 1486 985 1517 eius
1010 1486 1146 1527 exarsit;

800 1534 839 1567 V.
867 1533 949 1565 Erat
973 1533 1055 1565 enim

917 1580 1049 1612 nimium
1072 1579 1221 1620 formosa,

872 1629 911 1661 In
934 1628 1023 1660 vultu
1048 1628 1171 1659 scilicet

919 1673 1029 1708 floruit
1053 1677 1088 1707 ut
1109 1682 1193 1707 rosa.

930 1816 978 1848 Iu
1003 1818 1034 1850 2.
1060 1816 1295 1848 Nocturno.

1019 1908 1215 1945 Antiphonae.

842 2012 850 2019 .
874 1987 1070 2019 Desiderans
1094 1985 1233 2027 speciem
1259 1985 1325 2017 eius

872 2034 1044 2067 Benedixit
1069 2042 1137 2064 eam
1161 2032 1258 2072 Deus,

874 2081 1018 2113 Trahens
1043 2080 1133 2112 illam
1157 2079 1199 2110 ad
1224 2088 1259 2111 se

874 2129 913 2161 In
936 2127 1059 2159 laetitia
1084 2128 1115 2158 et
1141 2126 1362 2160 exsultatione.

841 2240 848 2247 .
876 2214 1035 2245 Virtutum
1058 2211 1212 2243 Dominus

875 2260 1047 2299 Susceptor
1070 2258 1166 2298 illius,

873 2308 993 2340 Arcum
1016 2306 1155 2347 potentis
1181 2305 1346 2347 confregit,

876 2354 935 2395 Qui
960 2353 1129 2387 carnaliter
1153 2361 1220 2385 eam
1247 2355 1374 2388 occidit.

1240 2407 1257 2436 2
