1655 2534
685 145 941 181 -156-

171 240 241 269 Olm.
261 241 410 270 Monacen.
430 238 513 269 8818.
532 241 568 270 E.
587 255 625 261 --
650 241 734 268 Brev.
758 248 810 268 ms.
835 240 1022 275 Frisingense
1047 247 1121 267 saec.
1146 237 1190 266 15.
1211 238 1282 267 Glm.
1303 238 1457 266 Monacen.

172 277 206 306 19
213 276 276 306 283.
295 280 327 307 F.
348 293 384 298 ——-
403 280 445 307 Es
465 281 546 307 seien
563 287 618 306 nur
634 279 702 314 jene
720 277 955 312 Abweichungen
973 276 1222 313 hervorgehoben,
1254 276 1362 303 welche
1380 276 1465 303 nicht

173 316 225 343 auf
241 316 348 344 blosser
367 316 552 352 Umstellung
574 317 605 344 in
629 317 684 343 den
705 316 876 343 Noktumen
902 315 1044 342 beruhen:
1064 315 1105 342 In
1127 312 1151 341 1.
1172 315 1242 342 Ves
1251 322 1278 350 p.
1299 313 1344 340 Ad
1363 313 1463 349 Magn.

173 352 206 387 A,
226 351 244 380 3
264 354 364 381 divina
382 355 478 388 gratia
495 354 531 381 Ε.
551 368 588 372 -
607 353 681 381 Ibid.
701 352 718 381 5
737 353 970 380 Translationem
996 351 1057 379 ΑΕ.
1076 366 1116 371 -—
1139 352 1214 379 Ibid.
1239 350 1256 377 7
1281 352 1466 386 frequentant

172 391 210 418 D.
229 404 267 410 —·
294 391 369 419 Ibid.
395 390 426 419 10
446 391 488 419 Ut
517 400 612 418 secum
642 390 779 418 caelestia
799 389 834 416 E.
856 404 891 408 —
916 390 960 417 Ad
979 389 1065 417 Nunc
1087 389 1155 416 dim.
1177 387 1199 415 A
1220 388 1244 416 O
1265 397 1316 416 rex
1331 388 1465 416 caelestis

175 429 227 455 etc.
248 428 316 463 vgl:
327 429 367 455 im
386 429 540 464 folgenden
561 428 640 456 Offic.
663 427 699 454 ad
717 428 816 463 Magn.
836 441 875 446 ——
893 427 934 454 In
955 425 979 454 1.
993 427 1093 455 Noct.
1114 425 1136 453 A
1160 425 1184 460 1,
1198 424 1218 453 4
1238 426 1364 454 Okarius
1379 425 1415 453 E.
1428 440 1465 444 ——

176 463 198 491 A
218 462 245 498 2,
265 464 282 492 2
302 466 459 494 Nobiscum
480 466 664 493 affluentibus
681 465 717 492 E.
737 479 775 483 —
789 462 811 490 A
830 462 857 499 2,
877 461 895 491 3
917 464 1098 492 Corruebant
1117 472 1242 499 oponere
1254 463 1290 491 E.
1309 477 1348 482 —
1363 462 1385 489 A
1406 461 1432 497 2,
1446 460 1464 490 3

172 502 310 530 videbant
335 502 370 529 Ε.
396 517 433 522 -—
453 501 475 528 A
501 502 528 536 4,
548 501 566 530 3
594 503 704 530 Petivit
732 502 767 530 E.
794 515 830 520 —-
852 500 874 527 A
895 499 921 534 5,
941 501 960 529 4
981 502 1116 536 exposuit
1143 501 1216 528 fehlt
1243 500 1278 528 E.
1299 516 1336 521 —
1358 498 1378 527 R
1399 498 1425 534 3,
1447 498 1465 527 2

173 539 246 566 Dita
264 540 334 567 diris
354 540 389 567 E.
410 554 447 559 —
465 539 510 567 In
529 540 639 568 Laud.
667 537 714 566 ΑΑ
738 539 803 566 sind
823 541 853 566 in
872 539 898 566 E
919 539 967 566 (lie
987 537 1009 565 A
1030 539 1066 566 ad
1085 539 1192 566 Bened.
1212 539 1272 565 und
1292 539 1339 565 die
1360 538 1408 564 ΑΑ
1429 537 1466 565 ad

174 577 280 604 Horas.
301 591 334 596 —-
356 577 507 612 Hymnen:
533 576 679 604 Christum
696 576 847 604 laudemus
867 577 994 603 carmine
1020 576 1081 603 und
1104 576 1238 603 Resultet
1255 584 1313 603 vox
1335 576 1466 603 laetitiae

173 612 267 648 (Anal.
288 614 336 648 IV,
357 611 412 642 228
432 623 460 641 u.
481 612 528 650 ff.).

619 703 664 734 56.
688 702 731 734 Dc
751 704 858 734 sancto
880 701 1015 738 Quirino.

308 772 353 803 In
380 773 410 805 1.
438 772 651 812 Vesperis.
914 773 953 805 In
977 773 1148 812 gratiarum
1172 772 1283 803 rivulis

358 843 450 880 Super
468 845 610 873 Psalmos.
915 819 1062 858 Quirinus
1088 819 1187 851 crevit
1210 818 1337 851 nobilis.

174 901 214 934 A.
243 901 335 944 Ecce,
364 902 430 933 dies
456 902 551 942 clara,
856 883 888 917 2·
914 883 1053 923 Philippi
1078 884 1278 922 imperatoris

290 948 423 1000 moritur
449 957 516 1000 'qua
540 949 665 981 vict-ima
689 957 787 987 sacra,
913 929 1080 1008 ἓέᾖῃῗὲζῖῗ
1102 930 1251 1008 Ilssffilogiiss
1276 977 1282 983 .

243 994 366 1026 Palm&
392 995 515 1026 d1v1nus
1250 985 1359 1016 pmam

291 1041 325 1071 in
349 1049 424 1072 vera
447 1040 511 1072 vite
534 1041 689 1082 Quirinus,
915 1022 1032 1054 Christi
1064 1023 1223 1062 prendens
1251 1023 1460 1063 disciplinam.

246 1085 422 1118 Truncatus
447 1087 559 1127 capite,
859 1088 892 1120 3.
916 1087 1012 1119 Multi
1037 1091 1166 1127 surgent
1188 1087 1388 1128 tribulantes,

292 1133 419 1164 summis
444 1134 506 1164 aris
531 1133 672 1165 tribuens
697 1143 749 1175 se;
915 1134 1009 1173 Spem
1033 1134 1144 1166 salutis
1167 1134 1368 1175 abnegantes,

245 1178 346 1210 Huius
371 1188 428 1218 pro
452 1179 572 1211 meritis
916 1181 1003 1212 [usto
1028 1179 1097 1212 fore
1120 1179 1189 1212 Deo
1214 1189 1280 1221 suo,

290 1225 390 1265 nobis,
416 1225 512 1267 Deus,
536 1226 647 1265 ingrue
669 1227 764 1266 mitis,
915 1226 1012 1265 Quem
1035 1226 1159 1258 colebat
1182 1228 1279 1259 corde
1302 1235 1392 1266 puro.

246 1271 293 1304 Ut
314 1272 461 1310 Pmcnms
486 1272 583 1303 sacris
857 1292 889 1324 4.
914 1291 1118 1323 Invocantcm
1142 1292 1304 1324 exaudivit,

290 1319 400 1357 poenis
424 1319 585 1357 rapiamur
606 1318 647 1350 ab
671 1319 763 1350 acris.
912 1338 998 1370 Deus
1024 1341 1056 1369 et
1079 1338 1270 1379 mirificavit,

364 1391 410 1418 Ad
428 1390 603 1427 Magnificat.
915 1384 1018 1416 Nocte
1039 1393 1073 1416 se
1097 1385 1337 1426 sacrificantem,

173 1447 213 1478 A·
244 1448 268 1479 Ο
295 1456 350 1478 rex
375 1448 527 1488 caelestis,
915 1432 1017 1470 Caput
1040 1432 1111 1463 neci
1135 1436 1248 1472 sponte
1272 1433 1409 1465 dantem.

291 1492 416 1525 famulis
440 1495 589 1526 miserere
611 1495 758 1535 scelestis:
857 1497 888 1528 5.
914 1496 976 1528 Per
999 1505 1113 1528 nomen
1138 1498 1325 1530 admirabile

245 1539 347 1571 Testis
373 1541 471 1572 divini
916 1543 951 1574 In
975 1543 1101 1574 saecula
1125 1543 1287 1576 laudabile

292 1586 484 1618 celebremus
510 1585 592 1618 festa
616 1587 746 1630 Quirini,
914 1589 1087 1622 Coronatus
1112 1589 1145 1621 in
1169 1590 1270 1630 gloria

245 1632 338 1664 Cuius
361 1633 493 1665 adoratu
914 1635 1079 1674 signorum
1104 1634 1168 1668 fert
1189 1638 1370 1677 praeconia.

291 1682 399 1710 cuncto
424 1688 480 1711 nos
504 1680 592 1711 solve
615 1682 715 1719 reatu,
856 1701 886 1733 6·
912 1702 951 1733 In
975 1709 1030 1733 suo
1055 1703 1173 1742 templo
1198 1702 1350 1735 Dominus

242 1724 402 1756 Mentibus
426 1728 461 1756 ut
482 1726 554 1766 puri

290 1771 412 1803 tibimet
435 1772 530 1804 Simus
554 1771 711 1811 placituri·
915 1748 981 1779 Iam
1007 1748 1149 1781 omnibus
1174 1750 1334 1782 debilibus

914 1794 980 1826 Dat
1002 1795 1171 1827 sanitatum
1197 1806 1328 1829 munera

300 1855 359 1886 Ad
386 1855 649 1888 Matutinum.
914 1842 976 1873 Per
1001 1842 1066 1874 eius
1092 1842 1188 1884 digna
1210 1846 1333 1877 merita..

372 1929 584 1957 Invitatorium.
1049 1926 1253 1961 Responsoria-
1310 1949 1313 1952 -

245 1985 413 2026 Christum,
439 1987 536 2018 solem
557 1987 703 2028 iustitiae,
858 1989 887 2022 1.
911 1991 1013 2023 Instat
1036 1994 1175 2026 athletae
1199 1995 1327 2028 Domini

242 2032 360 2064 Mentis
386 2034 631 2073 contemplemur
655 2035 731 2074 acie,
914 2038 991 2069 Dies
1016 2040 1150 2073 colenda
1174 2042 1306 2082 Quirini,

245 2078 302 2117 Qui
325 2088 404 2111 novo
429 2081 577 2112 mundum
601 2081 690 2112 radio
916 2084 1011 2116 Cuius
1037 2087 1155 2126 quippe
1178 2090 1344 2121 translatio

245 2125 448 2158 Collustravit
471 2128 503 2158 in
529 2127 669 2166 Quirino.
914 2131 1014 2162 Nobis
1038 2136 1087 2164 est,
1110 2136 1296 2177 exsultati03

846 2178 884 2209 V.
913 2177 999 2209 Ante
1014 2180 1264 2215 translationem
1281 2184 1367 2216 enim
1384 2187 1467 2218 testi—

306 2209 322 2241 1
331 2218 352 2239 n
379 2211 408 2243 1.
434 2210 488 2243 No
498 2214 565 2243 ctu
574 2222 592 2243 r
601 2222 621 2243 n
630 2221 659 2245 0.
912 2224 1060 2258 monium
1115 2228 1249 2263 habebat
1302 2231 1467 2271 placuisse

382 2275 573 2312 Antiphonae.
912 2272 1067 2306 Domino.

187 2329 218 2363 1.
242 2330 412 2370 Tamquam
422 2333 788 2374 lignumcomplantatum
858 2337 888 2370 2.
915 2337 977 2369 Hic
1001 2347 1020 2371 a
1045 2340 1179 2374 Caesare
1204 2343 1337 2377 Claudio

245 2376 339 2411 Secus
365 2379 514 2412 decursus
538 2390 688 2421 aquarum
916 2384 1018 2417 Nocte
1040 2392 1221 2430 peremptus
1244 2392 1350 2433 gladio
