1655 2534
207 762 246 794 A.

742 121 995 156 —2'72—

288 215 410 250 Crebro
435 219 517 259 legit
539 219 574 251 in
599 218 780 258 scripturiS,

287 262 410 301 Quibus
436 266 551 298 doctus
577 265 617 297 de
638 264 758 297 futuris

330 310 432 344 Casus
459 314 553 344 cavet
576 312 710 350 noxi0s3

284 355 338 389 Sic
362 361 558 398 praeventus
581 358 621 390 de
647 358 795 398 supernis

283 402 344 435 His
370 407 538 436 serutatur
562 406 596 436 in
620 404 763 436 lucernis

328 450 441 483 Motus
465 453 582 483 mentis
607 452 768 490 proprios.

283 495 330 528 Ut
353 497 507 530 virtutum
531 498 565 529 in
590 496 708 529 affectu

329 543 431 575 Fetus
457 546 565 583 gestet
588 544 706 583 varios,

283 587 399 629 Virgas
424 589 524 621 habet
547 590 581 621 in
606 593 744 629 aspectu

327 635 446 668 Gestus
471 639 598 676 patrum
622 637 785 676 praevios.

398 708 442 735 Ad
461 708 637 743 Magnifieat.

274 762 450 804 Magnifice

329 811 448 843 divinis
473 812 626 844 laudibus

279 856 366 889 Vota
389 858 508 890 reddat

330 906 497 937 exsultans
523 907 638 948 anima,

278 949 308 981 A
334 960 397 991 quo
423 952 564 992 sumpsit

324 1006 395 1029 esse
422 1007 493 1030 cum
517 999 653 1040 viribus,

275 1043 439 1083 Reparari

323 1100 394 1123 cum
421 1091 574 1124 drachma
599 1093 734 1135 decima,

278 1136 379 1174 Quam
404 1140 575 1177 sponsavit

321 1193 440 1215 ornans
464 1186 638 1218 monilibus

277 1229 323 1261 Et
347 1239 366 1261 a
389 1232 502 1271 paucis

320 1277 408 1308 vexit
433 1277 475 1309 ad
499 1278 650 1320 plurima,

277 1322 356 1355 Cum
379 1323 465 1356 hanc
488 1325 596 1357 iunxit

321 1371 472 1409 supernis
500 1372 623 1404 civ1bus

276 1415 436 1448 Veritatis

321 1464 386 1494 iam
412 1463 524 1496 cibans
549 1475 672 1504 azyma.

331 1554 391 1586 Ad
416 1556 687 1591 Matutinum.

405 1629 616 1657 Invitatorium.

276 1684 499 1725 Exsurgamus

318 1735 427 1763 mente
450 1732 514 1764 iam
539 1734 659 1775 sobria,

270 1776 338 1809 Nos
363 1778 503 1818 populus

318 1826 352 1855 et
375 1833 452 1856 oves
478 1825 619 1868 Domini,

273 1869 337 1901 Pro
364 1872 488 1903 collata

322 1915 500 1950 Guium-mo
525 1921 632 1960 gloria

270 1962 401 1996 Laudes
428 1964 497 1997 eius

316 2010 491 2044 reddamus
516 2014 648 2048 nomini.

323 2094 369 2126 In
394 2096 426 2128 1.
451 2096 687 2132 Nocturno.

408 2169 600 2206 Antiphonae.

235 2248 242 2254 .
270 2223 392 2258 Christi
417 2231 513 2266 paret

315 2272 512 2306 Guillermus
537 2276 672 2315 legibus·

269 2317 356 2350 Actu
379 2319 470 2362 foris,

313 2366 399 2402 intus
425 2369 589 2412 memoria,

955 217 1081 256 Legem
1107 217 1195 249 vitae

1004 266 1096 296 tenet
1117 265 1152 295 in
1177 263 1332 303 moribus,

956 310 1002 342 Et
1024 311 1059 342 in
1083 311 1195 351 lingua

1000 357 1055 389 Iex
1081 361 1133 389 est
1158 358 1340 390 clementia.

895 442 927 473 2.
954 441 1102 474 Helisaei

1003 491 1119 521 tenens
1147 489 1348 521 consortium

952 535 1069 575 Iugum
1095 537 1222 576 spernit

1000 580 1088 614 ferre
1114 592 1187 615 cum
1212 583 1332 623 impiis,

954 628 1005 660 Ne
1031 638 1102 661 cum
1127 630 1185 662 illo

999 679 1113 715 portet
1137 675 1324 716 repudium,

954 722 1014 761 Qui
1037 732 1097 763 pro
1123 724 1208 763 iugis

999 778 1034 801 se
1058 771 1166 809 privat
1189 769 1325 809 nuptiis.

894 854 925 885 3.
952 853 1016 885 Cor
1042 854 1161 886 dilatat

999 900 1117 933 diffusa
1142 902 1274 942 caritas,

954 947 1021 986 Quo
1047 948 1121 987 plus
1145 949 1267 980 iustum

998 997 1087 1026 artat
1111 993 1259 1036 afflictio,

950 1040 1005 1073 sio
1028 1041 1191 1074 Hebraeis

997 1088 1103 1127 surgit
1126 1087 1323 1127 fecunditas,

950 1133 1076 1172 Quanto
1102 1134 1208 1167 maior

994 1183 1090 1221 urget
1113 1183 1314 1222 suppressio,

890 1254 921 1285 4.
947 1254 986 1286 In
1012 1259 1191 1296 conspectu

997 1301 1107 1335 divino
1136 1303 1250 1344 dirigit

948 1348 1090 1382 Gressus
1114 1351 1268 1383 mundam

994 1405 1190 1436 percurrens
1217 1398 1369 1439 orbitam,

947 1442 1041 1474 Viam
1064 1446 1190 1476 rectam

995 1491 1163 1522 consultus
1189 1492 1284 1531 eligit

946 1534 987 1565 Se
1011 1544 1072 1575 per
1096 1539 1202 1569 artam

990 1584 1193 1623 rest-ringens
1219 1585 1377 1617 semitam.

888 1654 917 1685 5.
944 1654 1103 1689 Elevatur

991 1703 1033 1735 ad
1057 1707 1172 1738 nutum
1197 1708 1324 1746 gratiae

941 1748 1065 1782 Nostra
1090 1753 1219 1792 spirans

988 1797 1031 1828 ad
1054 1807 1165 1832 auram
1191 1802 1312 1842 aquila,

945 1841 1064 1876 Escam
1089 1849 1207 1879 mentis

990 1894 1211 1933 contemplans
1236 1896 1306 1927 acie

941 1936 979 1967 In
1005 1948 1148 1978 superna

990 1985 1083 2018 vitali
1109 1988 1227 2021 simila.

886 2047 916 2080 6.
943 2047 992 2080 Ut
1015 2051 1125 2090 quiete

989 2105 1061 2128 cum
1087 2108 1205 2138 sponso
1233 2102 1374 2136 dormiat

940 2142 1060 2174 ,Nidum
1086 2146 1150 2178 sibi

985 2191 1080 2229 ponit
1103 2193 1137 2224 in
1162 2194 1279 2237 arduo,

939 2235 1087 2270 Montem
1112 2242 1206 2281 petit,

986 2287 1023 2315 ut
1048 2287 1177 2319 turbam
1201 2287 1313 2330 fugiat

941 2329 1073 2363 Christo
1096 2333 1226 2368 iunctus

988 2378 1138 2420 amplexo
1164 2387 1287 2417 mutuo.

1379 2130 1386 2146 ³
