1655 2534
107 881 149 915 V.

116 985 148 1018 2.

638 76 897 115 —277—-

191 166 324 201 Memor
348 173 419 203 esto
444 173 479 203 te
502 171 709 208 laudantium

186 214 250 247 Tui
273 225 454 250 memorum
477 218 636 254 fidelium.

151 295 158 303 .
185 271 236 303 Tu
261 274 418 314 templum
443 276 549 307 sancti
574 278 726 320 spiritus,

186 317 279 356 Quod
303 321 487 354 illustravit
512 323 663 366 caelitus,

183 365 289 399 Nobis
312 368 489 408 praeclara
514 369 655 411 domina,

183 412 287 445 Defer
313 414 436 448 Christi
463 416 634 450 solamina.

149 493 156 501 .
182 468 276 501 Mors
303 473 361 503 tua
385 475 437 504 est
460 474 682 515 triumphalis,

183 515 347 550 Memoria
370 519 563 553 immortalis

182 563 229 595 Et
248 564 355 604 gloria
376 567 578 606 perennalis.

318 639 524 675 Responsoria.

150 721 158 728 .
183 695 273 734 Quae
298 698 421 737 spretis
446 698 560 731 mundi
583 700 722 732 lubricis

183 741 338 775 Laetaris
364 745 399 776 in
422 745 622 784 hymnidicis

181 787 298 822 Choris
329 792 521 831 angelorum
546 793 695 834 canticis,

178 836 268 868 Audi
292 845 408 877 preces
432 839 541 878 plebis
559 839 730 881 supplicis,

180 882 312 915 Fruens
338 885 467 924 gaudiis
492 886 626 918 caelicis

174 929 221 962 Et
244 932 401 971 praemiis
425 931 619 973 magnificis.

175 984 269 1017 Haec
293 986 357 1019 Dei
381 987 527 1027 prudens
551 987 677 1022 famula

222 1032 391 1067 Laudavit
407 1044 511 1075 usque
528 1035 571 1067 ad
588 1038 728 1069 mortem

175 1078 352 1113 Dominum
375 1084 485 1115 mente
511 1082 636 1124 sedula,

221 1128 324 1167 Quam
346 1132 534 1162 sanctorum
550 1128 632 1162 fecit
651 1139 726 1163 eon-

499 1179 641 1217 sortem3

137 1245 144 1253 .
175 1220 354 1255 Translata
378 1222 418 1255 ab
444 1223 572 1264 exsilio,

174 1267 330 1308 Regnans
354 1270 389 1301 in
415 1271 498 1303 caeli
523 1271 615 1304 solio.

140 1349 147 1356 .
174 1323 287 1357 Sancti
311 1325 446 1365 spiritus
471 1327 582 1359 unctio

220 1371 267 1403 Te
293 1372 408 1405 salutis
435 1372 506 1405 oleo
532 1375 629 1406 unxit

171 1418 218 1451 Et
242 1419 351 1452 <livino
379 1420 501 1452 solacio

218 1466 266 1498 Te
292 1466 415 1499 sanctis
442 1468 510 1499 suis
538 1469 719 1510 coniunxit,

170 1512 209 1545 In
235 1514 370 1546 caelesti
394 1514 584 1547 hierarchia

166 1559 365 1593 Decoratam
391 1564 528 1594 aeterna
552 1562 668 1602 gloria.

229 1655 273 1687 In
300 1656 331 1689 3.
357 1654 587 1691 Nocturno.

316 1730 510 1766 Antiphonae.

135 1815 142 1822 .
168 1787 263 1820 Omni
289 1788 456 1821 desiderio

214 1835 366 1868 Tendens
392 1836 435 1868 ad
461 1837 619 1869 caelestia

167 1882 279 1916 Omnis
304 1885 363 1915 tua
385 1883 472 1917 actio

212 1930 324 1963 Fulsit
349 1931 578 1965 sanctimonia.

165 1987 347 2020 Humilium
372 1988 529 2021 exaltatio

162 2034 227 2069 Est
252 2035 405 2069 Christus
432 2039 468 2068 et
488 2037 639 2078 salvatio,

163 2082 252 2116 Filia
277 2083 355 2116 Sion
382 2084 533 2124 angelica

163 2130 268 2163 Audit
293 2131 464 2165 exsultans
489 2132 630 2165 cantica.

130 2213 137 2220 .
164 2187 254 2228 Quae
276 2187 455 2222 Dominum
476 2189 599 2230 iugiter

208 2235 292 2268 Toto
319 2236 419 2269 corde
444 2236 573 2278 dilexit,

160 2282 258 2315 Hanc
280 2283 354 2324 ipse
378 2283 525 2316 feliciter

209 2330 263 2362 Ad
289 2331 427 2364 aethera
448 2332 613 2372 provexit.

1006 177 1212 214 Responsoria.

811 234 842 267 1,
868 235 1038 270 Thesauro
1064 238 1116 269 sui
1142 239 1309 279 sanguinis

792 806 832 839 V.

866 283 1083 325 Margaritam
1108 287 1318 326 comparavit,

867 330 963 364 Hanc
986 331 1137 364 Christus
1164 335 1197 364 et
1220 334 1255 364 in
1279 334 1413 366 luminis

865 377 1025 411 Perennis
1052 379 1168 411 throno
1190 379 1324 420 locavit,

865 423 980 458 Gratia
1003 427 1090 458 sacri
1113 425 1255 458 flaminis

865 469 1087 515 [Hedwigem]
1114 473 1338 506 sanctificavit.

831 550 839 559 .
865 528 947 568 Ave,
974 529 1163 561 veneranda
1188 529 1329 570 domina,

865 573 915 606 Tu
939 577 1114 608 sanctitate
1140 577 1259 609 eximia

865 619 956 654 Caeli
981 624 1186 656 transcendis
1210 624 1334 664 limina,

865 667 945 701 Cum
972 669 1012 701 de
1037 679 1186 703 maerore
1212 671 1254 702 ad
1280 671 1403 711 gaudia

862 713 908 747 Et
933 716 974 748 <le
998 717 1113 749 labore
1138 717 1180 749 ad
1204 718 1351 758 praemia

861 761 1037 796 Translata
1061 772 1096 796 es
1121 764 1294 805 caelestia3

862 807 1005 841 Perenni
1030 811 1155 850 gaudes
1181 810 1300 850 gaudio

861 854 925 886 Dei
951 865 1148 897 corregnans
1171 856 1251 890 filio.

801 911 831 942 3.
857 909 962 943 Nobis
986 914 1046 943 tua
1070 913 1242 945 sollemnia

784 1096 822 1130 V.

791 2188 821 2219 5.

857 955 987 990 Devote
1011 960 1233 992 recolentibus

857 1002 952 1046 Esto,
978 1008 1095 1047 mater,
1121 1007 1269 1047 propitia

856 1050 925 1083 Nos
950 1052 1017 1084 tuis
1042 1053 1159 1085 iuvans
1184 1054 1351 1095 precibus,

853 1097 891 1130 In
916 1098 979 1131 hac
1004 1100 1058 1132 die
1089 1100 1238 1133 laetitiae

855 1144 924 1177 Fer
947 1146 1042 1179 nobis
1069 1147 1191 1179 donum
1216 1148 1351 1188 gratiae.

939 1259 955 1291 I
964 1268 985 1290 n
1008 1259 1037 1291 L
1046 1268 1065 1292 a
1072 1269 1094 1291 u
1104 1259 1173 1291 dib
1183 1269 1205 1292 u
1213 1269 1239 1296 s.

995 1333 1191 1370 Antiphonae.

815 1416 823 1424 .
849 1390 972 1423 Induta
994 1391 1059 1424 Dei
1082 1390 1206 1424 famula

897 1438 1064 1471 Virtutum
1088 1439 1332 1479 pulchritudine

848 1484 979 1525 Regnat
1003 1495 1075 1518 eum
1101 1486 1231 1519 Christo
1254 1496 1316 1527 per
1332 1495 1403 1519 sae-

1176 1542 1193 1566 e

893 1578 933 1612 In
959 1581 1094 1613 caelesti
1118 1534 1251 1614 lumisslg

813 1661 820 1669 .
847 1636 941 1669 Haeo
965 1636 1006 1670 de
1032 1638 1116 1670 valle
1142 1638 1300 1670 tristitiae

849 1684 980 1717 intrans
1005 1694 1144 1726 regnum
1167 1685 1316 1718 laetitiae

846 1731 979 1772 Regnat
1004 1742 1077 1765 cum
1101 1742 1180 1774 rege
1204 1733 1341 1773 gloriae.

814 1811 822 1820 .
848 1787 943 1821 Haec
968 1789 1012 1822 ad
1039 1789 1205 1823 Christum
1230 1789 1352 1830 iugiter

893 1835 1073 1870 Pervenire
1099 1837 1215 1878 sitivit,

848 1883 910 1916 Cui
933 1884 1048 1917 vivens
1070 1883 1217 1917 feliciter

892 1931 931 1963 In
956 1934 1132 1965 sanctitate
1157 1932 1305 1965 servivit.

847 1988 1080 2021 Benedicimus
1106 1988 1293 2030 Dominum,

894 2036 956 2076 Qui
966 2034 1190 2078 [Hedwigem]
1200 2037 1399 2070 laudabilem

844 2082 928 2116 Post
951 2083 1049 2115 huius
1074 2084 1164 2116 vitae
1189 2085 1363 2117 terminum

894 2130 1067 2163 Exaltavit
1089 2131 1255 2164 humilem.

847 2186 949 2219 Senes
975 2196 1049 2220 cum
1073 2187 1257 2220 iunioribus

894 2233 1056 2267 Exaltent
1079 2243 1197 2268 nomen
1219 2235 1364 2278 Domini,

847 2281 909 2321 Qui
933 2290 995 2315 nos
1012 2278 1217 2326 [Hedwigis]
1241 2285 1397 2325 precihus

895 2329 1089 2363 Sanctorum
1113 2331 1229 2372 iungat
1253 2333 1384 2372 agmini.
