1655 2534
739 122 972 157 -78-..

224 223 257 253 2.
280 219 359 251 Dies
384 218 466 251 diem
490 218 657 256 illuminat,

281 266 371 298 Haec
393 265 509 297 liberos
534 273 605 296 suos
630 264 791 304 laetificat,

284 313 376 345 Casto
400 312 511 344 timore
533 311 659 343 Domini

284 358 474 399 Sapientiam
500 360 641 397 praestat
664 358 814 398 parvulis.

225 418 255 448 3.
281 415 471 447 Miserorum
496 413 685 445 consolatrix

327 462 371 493 Et
395 461 519 492 alumna
542 468 723 500 pauperum,

280 509 491 548 Supernorum
514 507 763 545 contemplatrix,

326 554 465 585 Mentem
490 552 613 584 scandit
639 553 786 584 caelicum

416 617 619 652 Responsoria.

222 667 252 698 1,
278 665 436 696 Educavit
458 664 615 695 Monicam

325 714 435 742 sancta
456 712 557 741 mater
579 709 743 742 Facundia

280 757 413 788 Timoris
438 756 497 787 Dei
523 757 579 788 sub
605 757 728 796 virgula

323 804 485 843 primaeva
507 803 546 834 ab
571 801 715 843 infantia,

209 851 245 882 V.
275 850 363 882 Miro
397 849 481 882 enim
514 849 606 881 modo
622 851 726 882 ‘crevit
750 859 821 881 cum

279 905 317 928 ca
340 896 512 928 miseratio.

222 954 254 986 2.
281 952 305 983 O
329 955 430 983 mater
453 955 573 991 nostra,

324 998 459 1037 coniugii
480 998 650 1037 speculum,

279 1046 365 1083 Quae
388 1046 456 1076 viro
479 1054 536 1076 suo
559 1044 677 1084 flagitat

322 1092 425 1123 lumen
449 1091 634 1122 catholicum

276 1137 319 1168 Et
342 1138 394 1177 pic
418 1137 567 1176 impetrat

323 1182 445 1215 felicem
471 1184 607 1222 obitum3

207 1230 245 1261 V.
278 1229 427 1262 Salvatur
467 1230 552 1261 enim
590 1229 639 1260 vir
679 1230 818 1270 iwfidelis

269 1285 331 1315 per
354 1276 521 1308 muliere-m
543 1276 678 1316 fidelem.

219 1334 249 1365 3.
275 1333 366 1364 Felix
390 1334 490 1363 mater
515 1341 609 1364 carne

275 1378 415 1410 Felicior

323 1428 355 1456 et
378 1425 491 1464 spiritu
522 1425 651 1465 duplici,

279 1470 462 1503 Consolatur

322 1518 436 1557 spiritu
457 1517 641 1557 prophetico

279 1563 328 1594 Ne
352 1563 450 1595 filium
477 1563 591 1595 defleat

324 1611 438 1649 spiritu
461 1613 625 1649 mortuum,

277 1656 373 1694 Quem
396 1656 482 1688 Deus
506 1658 637 1688 suscitat

325 1711 432 1734 verum
457 1703 643 1735 catholicum

209 1749 248 1781 V.
266 1748 360 1780 Fortz'
384 1748 492 1780 animo
527 1752 599 1788 esto,
624 1750 706 1793 filia,
732 1750 822 1783 Deus

279 1795 358 1827 caeli
391 1795 480 1827 dabit
501 1796 559 1828 tibi
580 1797 739 1837 gaudium
759 1807 820 1836 pro

278 1842 392 1881 taedio,
419 1843 504 1882 quod
524 1852 673 1883 perpessa
696 1853 737 1877 es.

336 1927 383 1958 In
409 1928 438 1958 2.
464 1926 692 1960 Noctorno.

417 1981 608 2017 Antiphonae.

221 2032 251 2063 1.
275 2029 416 2061 Verbum
436 2029 551 2060 bonum
576 2031 731 2062 eructavit

322 2076 438 2108 Salutis
463 2076 594 2116 eloquio,

277 2123 393 2156 Christi
420 2122 533 2155 donum
558 2132 650 2163 quam
672 2123 822 2163 perflavit

320 2170 500 2201 Pneumatis
524 2170 674 2203 susurrio.

217 2224 248 2258 2.
275 2224 490 2258 Lacrimarum
513 2227 649 2266 impetus

321 2275 462 2304 sanctam
485 2273 547 2305 Dei
570 2273 731 2317 laetificat,

276 2317 424 2350 Crucifixi
448 2320 594 2360 stigmata

320 2366 374 2405 pie
399 2367 471 2398 dum
497 2367 687 2401 considerat.

894 217 927 249 3.
951 215 1043 246 Haec
1066 213 1292 245 consolabatur

998 261 1117 293 Dolens
1141 263 1177 292 ut
1200 260 1389 302 parturiens,

951 308 1060 340 Donec
1084 308 1209 340 Christo
1234 307 1405 339 suscitatur

997 355 1191 395 Augustinus
1219 353 1367 386 moriens.

1086 419 1290 454 Responsoria.

895 467 923 500 1.
951 466 991 498 Se
1016 469 1114 498 totam
1138 466 1206 498 Deo
1233 466 1360 497 dedicat

996 514 1108 546 Soluta
1129 513 1188 545 viri
1212 512 1344 552 legibus,

948 559 1066 599 Egenis
1092 568 1127 590 se
1150 559 1297 591 humiliat

995 606 1039 637 Et
1062 604 1257 638 infirmorum
1287 605 1497 646 squaloribus,

948 652 1084 685 Caelesti
1110 662 1226 693 sponso
1251 652 1373 684 iubilat.

878 700 914 731 V.
946 699 1119 731 Mulierem
1166 700 1281 740 fortem
1328 700 1400 739 quis
1444 699 1495 731 iol-

946 746 1076 778 vem'et?
1102 747 1221 786 procul
1253 748 1281 777 e†
1314 747 1352 778 dc
1374 746 1497 779 ultimis

946 792 1065 832 finibus
1084 794 1228 832 pretium
1254 793 1332 826 eius.

889 851 920 881 2.
946 848 1157 881 Abundanter
1182 849 1346 880 cumulasti

995 896 1129 928 Sanctae
1153 899 1226 927 tuae
1251 897 1410 935 gaudium,

949 943 1073 975 Christe
1092 942 1174 982 Iesu,
1201 943 1253 982 qui
1280 944 1398 974 vocasti

992 989 1157 1021 Ecclesiae
1181 990 1223 1021 ad
1247 991 1398 1028 gremium

947 1036 1155 1076 Augustinum
1180 1039 1213 1067 et
1235 1036 1358 1067 iussisti

993 1083 1176 1122 Aspernare
1202 1083 1372 1115 saeculum.

878 1130 914 1162 V.
945 1129 1021 1160 Duo
1039 1128 1137 1169 petiit
1152 1138 1174 1159 α
1189 1131 1228 1172 te,
1249 1138 1291 1160 otc
1308 1130 1438 1171 deneqes
1455 1131 1491 1171 ei,

944 1175 1095 1217 Domine,
1123 1178 1297 1215 amtequam
1320 1178 1491 1210 moriffl‘ocr.

887 1233 918 1264 3.
946 1231 970 1263 Ο
997 1240 1072 1263 vere
1095 1230 1214 1263 Christi

991 1277 1160 1309 benedicta
1183 1277 1312 1319 famula,

946 1324 1044 1363 Quam
1070 1323 1257 1364 crucifigunt

994 1369 1135 1402 crucifixi
1159 1372 1300 1413 vulnera,

946 1417 1041 1457 Rigat
1064 1421 1179 1450 terram

994 1464 1193 1495 lacrimarum
1220 1466 1321 1504 copia,

947 1510 1100 1542 Torcular
1125 1512 1225 1542 crucis

996 1557 1145 1596 exprimit
1169 1558 1248 1589 haec
1270 1556 1410 1592 flumina.

877 1604 915 1634 V.
943 1602 1057 1636 Deduc
1080 1604 1175 1642 quasi
1198 1607 1370 1637 torrentem
1400 1604 1495 1638 lacri-

946 1659 1018 1682 mas
1035 1660 1099 1690 per
1124 1651 1209 1682 diem
1227 1653 1255 1683 et
1269 1655 1403 1695 noctem,
1429 1663 1495 1685 ozon

948 1696 1001 1728 des
1023 1697 1082 1729 tibi
1096 1698 1249 1740 requiem,
1273 1707 1377 1738 mque
1391 1702 1498 1732 taceat

942 1744 1077 1783 pupilla
1101 1744 1187 1776 oculi-
1209 1744 1269 1777 tui.

1006 1819 1051 1851 In
1078 1820 1109 1851 3.
1135 1819 1365 1853 Nocturno.

1090 1884 1284 1920 Antiphonae.

893 1930 922 1963 1.
950 1930 1078 1963 Cantico
1102 1931 1244 1963 laetitiae

994 1977 1093 2008 Deum
1121 1978 1325 2019 collaudavit,

947 2022 1034 2061 Quae
1057 2023 1141 2056 victo
1165 2025 1276 2057 mundi
1304 2027 1451 2067 principe

997 2069 1090 2103 Caelo
1109 2071 1325 2111 triumphavit.

890 2126 920 2156 2.
946 2124 1095 2158 Exsultat
1117 2129 1214 2170 terra,

996 2174 1202 2206 collaetentur
1225 2176 1359 2217 insulae,

947 2218 1063 2256 Quibus
1089 2221 1173 2252 salus
1198 2223 1430 2264 propinquatur

994 2265 1099 2298 fructu
1122 2267 1213 2303 huius
1240 2267 1386 2306 feminae.

888 2323 918 2354 3.
945 2321 1087 2354 Christus
1112 2323 1144 2355 in
1170 2334 1228 2360 sua.
1250 2324 1369 2359 famula

993 2369 1087 2402 Facit
1105 2371 1273 2413 mirabilia,
