1655 2534
733 104 987 140 —319—

277 195 343 224 221.
378 198 523 234 Severi,
564 201 695 235 episcopi
726 180 893 227 Ravennen.
929 202 959 227 et
989 200 1110 227 confess,
1144 196 1189 225 22.
1223 197 1285 226 Oct.
1322 194 1383 232 [fol.
1416 192 1498 231 562]

200 235 348 271 Folgende
367 234 569 264 Bruchstiicke
588 239 667 265 eines
686 236 894 265 unbekannten
914 237 1073 266 Officiums:

426 293 491 320 Inv.
512 292 668 321 Auctorem
687 294 775 327 vitae,
797 295 944 322 Christum
963 293 1083 321 laudare
1101 292 1207 324 venite,

513 330 686 359 Pontificem
705 339 806 359 verum
826 333 877 368 qui
895 332 976 359 vexit
995 331 1031 358 ad
1052 332 1131 358 astra
1150 329 1297 357 Severum.

428 387 462 414 A.
487 387 611 422 1nstrue,
633 388 750 415 Christe
768 389 824 423 pie,
844 397 898 415 nos
916 395 988 415 vera
1004 387 1092 415 laude
1112 385 1240 421 sophiae,

489 425 597 452 Tecum
616 426 759 453 laetemur
778 434 863 461 prece
883 426 1057 461 patronique
1075 426 1216 451 iuvemur.

599 474 635 501 R.
659 473 683 501 O
703 473 760 500 Dei
780 472 941 506 clementia,

654 511 772 538 Intuere
793 513 864 538 vota
882 511 933 546 pia

655 549 696 576 Et
714 548 835 584 dignare
854 556 907 575 nos
928 548 1002 574 tueri

654 586 793 613 Precibus
813 586 855 621 pii
875 585 984 617 Severi,

655 624 712 650 Per
732 624 885 658 patronum
906 624 956 658 qui
976 622 1085 650 adiutis

654 661 750 688 Verae
772 660 849 688 dona
867 660 917 697 des
938 660 1051 688 salutis.

599 699 636 725 V.
658 699 719 725 Nos
741 706 796 733 ope
815 698 917 726 Severi

696 735 835 771 digneris,
856 735 978 769 Christe,
999 736 1056 763 tue]
1064 737 1083 762 i.

285 782 360 809 Item
379 784 412 810 in
432 784 706 810 commemoratione
724 783 818 817 ipsius
839 785 868 809 et
885 783 985 809 uxoris
1006 790 1076 809 suae
1095 790 1130 809 ac
1148 781 1227 808 filiae
1249 780 1272 809 1.
1293 782 1376 809 Febr.

203 829 237 856 R.
261 829 484 865 Transmigrata
494 837 530 856 ex
541 830 657 857 saeculo
884 829 917 856 R.
942 828 1097 856 Celebrate.
1116 829 1207 855 missa
1226 830 1289 861 rite,

297 866 457 894 Vincentia
475 866 623 901 sepelitur,
942 866 1147 893 consummato
1168 874 1253 893 cursu
1272 867 1358 898 vitae,

258 903 332 930 Post
349 903 422 931 haec
443 906 521 930 sorte
541 904 632 930 simili
941 903 1165 931 Saorouanctum
1185 903 1251 930 dum
1273 911 1300 930 cc
1308 902 1427 938 inplevit

298 941 377 968 Filia
395 942 514 977 potitur,
979 941 1101 968 Praesul
1121 941 1228 967 donum
1247 941 1367 975 gratiae,

204 979 239 1005 V.
264 978 311 1005 Ex
329 979 476 1006 mandatis
498 980 591 1006 sancti
611 980 703 1014 patris
941 979 1022 1005 Inter
1043 986 1110 1005 ossa
1129 978 1273 1012 requievit

261 1016 497 1051 Comprimuntur
518 1023 585 1043 ossa
604 1017 705 1043 matris
981 1015 1087 1043 Uxoris
1109 1017 1138 1042 et
1157 1014 1244 1048 filiae,

298 1053 339 1080 Et
358 1054 429 1081 dant
447 1054 543 1081 Iocum
563 1052 650 1081 filiae.
884 1054 919 1080 V.
945 1053 1056 1085 Corpus
1076 1054 1159 1080 cuius
1178 1052 1228 1078 hic
1246 1052 1393 1088 putrescit,

942 1091 1070 1126 Spiritus
1091 1092 1123 1117 in
1143 1092 1172 1117 te
1191 1091 1323 1125 quiescit.

279 1145 343 1174 222.
370 1147 515 1180 Severi,
541 1148 704 1182 presbyteri
724 1150 754 1174 et
772 1148 960 1181 confessoris,
983 1144 1026 1174 15.
1047 1148 1131 1175 Febr.
1152 1144 1212 1182 [fol.
1234 1143 1316 1182 541³}
1356 1145 1503 1181 FoIgende

205 1185 504 1213 hruchstiicke·eines
524 1185 732 1213 unbekannten
751 1185 992 1213 Reimofficiums:

562 1241 650 1269 Iuvit.
670 1242 830 1269 Adoremus
852 1241 998 1270 Christum
1017 1250 1123 1277 regem,

693 1280 889 1307 confessorum
910 1280 1068 1313 dominum,

654 1318 709 1350 Qui
732 1320 851 1345 aeterna
871 1319 1002 1344 sanctum
1016 1317 1154 1344 Severum

691 1357 845 1382 coronavit
862 1355 964 1391 gloria.

584 1404 617 1430 A.
639 1402 695 1437 (Tu
712 1404 805 1438 pater)
824 1404 964 1437 mysticae
984 1402 1131 1437 plantator
1150 1403 1255 1430 vineae

638 1441 663 1469 O
682 1448 764 1468 sacer
783 1439 918 1468 sacerdos
939 1439 1053 1475 Severe,

639 1480 735 1506 Tuam
754 1478 830 1506 hanc
848 1478 939 1505 visita
958 1479 1075 1506 vineam

640 1517 784 1544 Devotam
805 1517 860 1544 tibi
879 1516 1019 1543 famulam
1039 1514 1244 1553 [1:familiam]

639 1555 699 1582 Fac
718 1554 777 1581 tuis
797 1554 932 1590 precibus
947 1553 1055 1589 perfici,

641 1593 735 1625 Quam
755 1592 901 1627 plantavit
919 1592 1039 1619 dextera
1058 1593 1123 1619 Dei.

280 1646 344 1676 223.
365 1649 552 1683 Severini,
579 1650 707 1685 episcopi
728 1648 912 1676 Coloniensis
933 1651 962 1676 et
982 1650 1165 1684 confessoris,
1186 1646 1232 1676 23.
1250 1649 1312 1676 Oct.
1326 1645 1389 1684 [fol.
1404 1645 1506 1683 1043]-

204 1687 264 1714 Aus
286 1687 381 1714 einem
401 1687 571 1714 verim-enen
591 1687 734 1715 Officium:

206 1744 240 1771 A.
266 1743 372 1772 Sancte
393 1746 476 1779 pater
496 1744 642 1777 Sevexine‚
942 1745 1002 1773 Ora
1020 1746 1123 1777 Deum,
1144 1746 1178 1771 ut
1196 1752 1250 1772 nos
1270 1747 1364 1772 tecum

262 1782 377 1810 Nostris
396 1781 531 1818 precibus
551 1782 670 1810 intende
943 1782 1126 1811 Gaudeamus
1147 1783 1211 1809 sine
1229 1782 1295 1810 fine.

261 1820 302 1847 Efi
315 1828 372 1864 ,ΡΥΟ
393 1821 478 1865 Πθῧξῧ
500 1821 674 1865 ῼΥᾶΡΡςῑΠΉ,
884 1829 919 1856 A.
942 1829 1031 1858 Pater
1053 1833 1153 1858 sancte
1176 1829 1321 1864 Severine,

267 1859 324 1892 Qffl
344 1860 374 1886 te
393 1859 478 1886 nob1s
501 1860 633 1886 ms'ssfilllt
943 1868 1095 1896 Maiestati
1115 1868 1185 1895 offer
1204 1870 1299 1895 trinae

262 1897 420 1924 Doctorem
441 1900 530 1933 atque
548 1900 712 1931 patronum.
980 1905 1084 1934 Preces
1105 1915 1156 1942 Pro
1178 1906 1298 1939 familia,

943 1945 986 1972 Ut
1003 1944 1136 1972 mundati
1154 1952 1206 1971 suo
1226 1952 1292 1971 rore

207 1982 241 2009 A.
266 1981 374 2010 Sancte
393 1985 476 2018 pater
496 1982 646 2016 Severum,
943 1982 1091 2010 Vitiorum
1111 1990 1130 2009 a
1148 1981 1284 2015 squalore

265 2021 389 2069 Prae-{ul
409 2021 490 2048 urbis
509 2020 699 2057 Agrippinae,
981 2020 1183 2048 Fecundemur
1203 2021 1308 2055 gratia.

280 2094 346 2124 224.
368 2096 546 2133 sigfridi,
562 2097 693 2132 episcopi
704 2098 733 2123 et
742 2095 925 2128 confessoris,
940 2093 982 2123 16.
993 2095 1076 2124 Febr.
1088 2093 1150 2132 [fol.
1163 2093 1216 2123 139
1223 2093 1262 2132 aJ.
1291 2096 1368 2122 Zwei
1384 2094 1440 2125 ΑΑ,
1455 2104 1509 2123 von

206 2135 300 2162 denen
320 2134 498 2163 zweifelhaft
516 2135 564 2168 ist7
589 2135 625 2162 ob
646 2135 690 2161 sie
709 2143 747 2161 zu
766 2134 832 2162 dem
858 2133 992 2162 Officium
1018 2134 1068 2161 des
1098 2134 1237 2169 Heiligen
1262 2134 1345 2161 Anal.
1372 2133 1509 2166 XXVIII,

204 2173 254 2200 Nr.
275 2170 312 2200 68
332 2173 460 2208 gehoren
483 2172 552 2200 oder
571 2182 609 2200 zu
629 2173 723 2200 einem
743 2173 879 2200 anderen.

205 2230 239 2256 A.
263 2229 358 2257 Adest
376 2231 439 2257 dies
460 2230 600 2266 gloriosa,
948 2229 1007 2262 Qui
1027 2238 1078 2264 pro
1099 2230 1162 2256 vita
1179 2230 1313 2257 virtuosa

262 2267 362 2303 Digna
381 2268 469 2295 laude
488 2268 620 2304 pretiosa
943 2267 985 2295 Et
1004 2268 1136 2294 doctrina
1156 2266 1274 2295 radiosa

260 2305 319 2332 Pro
340 2305 460 2342 Sigfridi
481 2306 627 2342 gaudiosa
945 2306 1122 2340 Deportavit
1141 2305 1262 2340 copiosa

298 2343 449 2373 Praesulis
469 2345 619 2380 memoria,
982 2343 1018 2371 ln
1038 2344 1172 2382 supernis
1193 2345 1331 2382 praemia.

722 2372 731 2389 D
