1655 2534
688 75 922 110 *24*-

572 169 623 199 5a.
651 167 694 200 De
714 166 822 198 saneta
843 165 1032 205 Margareta.

295 239 342 271 In
370 239 400 271 1.
427 237 642 279 vesperis.

369 340 561 376 Antiphonae.

198 441 205 449 .
231 417 334 448 Adest
359 416 453 456 digna
476 415 650 455 praeconiis

281 462 479 502 Margaretae
502 461 705 499 sollemnitas,

231 508 325 541 Cuius
349 517 407 548 per
431 508 538 540 orbem
562 508 659 540 variis

277 555 379 596 Signis
403 554 539 594 refulget
560 555 718 586 sanctitas.

201 655 207 661 .
232 630 432 669 Margaretae
453 630 638 668 martyrium

278 676 322 708 Et
346 676 516 708 caelibatus
541 675 640 715 gloria

231 723 318 755 Dant
341 724 467 755 odorem
493 723 639 754 eximium

278 769 326 802 Ut
348 770 428 801 rosis
452 770 559 801 iuncta
580 769 659 801 lilia.

198 871 205 878 .
229 844 409 883 Margareta
431 844 544 883 gaudio

280 890 367 923 Caeli
390 891 452 921 iam
476 890 578 929 potita

231 937 317 969 Diris
342 937 398 969 sub
425 936 553 976 Olybrio

279 983 391 1016 Poenis
417 986 465 1013 est
488 982 607 1015 attrita.

201 1083 208 1090 .
235 1058 349 1098 Virgis,
374 1056 518 1097 flammis,
542 1057 672 1097 virgulis

278 1103 378 1136 Torta
404 1103 586 1142 Margareta

232 1151 344 1183 Fontis
368 1150 452 1182 vitae
476 1150 596 1189 poculis

278 1198 346 1229 lam
370 1199 497 1235 potatur
519 1197 615 1228 laeta.

200 1296 207 1303 .
233 1271 286 1304 Ad
310 1273 469 1302 aeternum
497 1269 674 1304 convivium

278 1317 460 1357 Margareta
481 1319 594 1349 vocata

234 1364 329 1396 Venit
352 1364 501 1396 virtutum
526 1363 661 1395 omnium

281 1410 464 1450 Margaritis
490 1412 610 1442 ornata.

197 1510 203 1517 .
234 1484 329 1524 Virgo
353 1482 528 1523 flagellatur

284 1532 315 1562 et,
339 1538 464 1562 carcere
488 1530 593 1562 clausa
616 1534 765 1572 moratur,

235 1577 365 1610 Pectine
387 1576 525 1608 sulcatur

283 1632 404 1663 corpus,
426 1623 508 1655 latus
525 1624 597 1663 igne
614 1625 780 1664 crematur,

235 1669 363 1708 Quando
388 1669 482 1702 fidem
507 1670 627 1711 pandit,

284 1725 387 1748 ensem
396 1717 489 1758 subit,
504 1716 632 1749 aethera
641 1717 779 1756 seandit3

199 1789 207 1796 .
235 1763 414 1802 Margareta
439 1764 540 1796 Deum

283 1811 344 1842 iam
364 1810 464 1842 cernit
479 1814 571 1842 nacta
587 1813 759 1849 tropaeum.

358 1911 403 1939 Ad
420 1911 596 1947 Magnifica‘c„

203 2012 211 2021 .
241 1988 265 2020 O
291 1996 362 2019 rosa
384 1996 443 2027 per
467 1987 593 2020 saecula

286 2043 419 2067 vernans
444 2035 643 2074 sempiterna,

238 2081 312 2113 Tibi
334 2082 403 2114 sine
424 2082 542 2113 nebula

283 2129 363 2159 luxit
386 2129 440 2161 lux
464 2137 610 2169 superna,

241 2175 364 2207 Summo
389 2175 469 2207 bono
492 2175 616 2215 frueris,

287 2222 401 2253 victrix
427 2226 582 2260 coronata,

239 2267 422 2308 Margareta
444 2270 566 2309 superis

287 2324 343 2347 nos
366 2315 459 2355 iunge
482 2316 583 2350 beata.

846 404 876 437 1.

991 235 1037 267 In
1060 232 1293 265 Laudibus.

1047 326 1246 362 Anffiphonae.

902 403 1022 436 Lumen
1046 403 1079 434 in
1104 404 1207 434 taetro
1234 408 1362 432 carcere

948 449 1150 489 Margaretae
1173 446 1383 487 resplenduit,

903 496 989 534 Quae
1013 497 1099 528 clara
1122 496 1202 527 lucis
1226 503 1323 535 opere

950 543 1005 575 Nil
1030 543 1141 582 culpae
1166 544 1302 573 taetrum
1332 539 1453 573 habuit.

847 619 878 651 2.
905 618 1024 650 Stravit
1048 617 1168 649 munda
1191 616 1335 648 manibus

847 834 876 865 3.

846 1047 877 1078 4.

949 665 1067 704 Regem
1093 665 1312 703 superborum,

905 710 1037 744 Calcans
1063 711 1158 742 castis
1182 709 1317 749 pedibus

951 759 1055 797 Caput
1078 758 1257 796 impiorum.

902 831 1024 863 Poenas
1047 840 1142 870 passa
1166 832 1269 863 van'as

949 878 1092 911 Tandem
1117 878 1276 910 decollata

903 924 1067 957 Transivit
1090 925 1132 957 ad
1156 924 1283 963 nuptias

952 972 1029 1004 Cum
1054 980 1169 1011 sponso
1193 973 1318 1011 parata.

905 1046 929 1078 Ο
955 1044 1033 1077 felix
1058 1046 1286 1085 commercium,

952 1092 1018 1130 Quo
1043 1101 1101 1132 pro
1125 1100 1228 1131 poena
1251 1092 1340 1123 brevi

905 1138 1134 1178 sempiternum
1159 1138 1307 1179 gaudium

949 1185 1038 1217 Emit
1060 1183 1129 1217 foro
1154 1186 1226 1218 levi.

847 1262 877 1292 5.
903 1260 982 1292 Orat
1007 1260 1041 1291 in
1065 1260 1151 1292 vitae
1172 1260 1308 1292 termino

837 1570 878 1602 A.

951 1306 997 1339 Ut:
1020 1307 1236 1345 exaudiantur,

905 1353 964 1393 Qui
987 1353 1201 1393 supplicantes
1225 1353 1360 1385 Domino

950 1399 1006 1431 Sui
1030 1400 1247 1432 recordantur.

1017 1492 1063 1520 Ad
1081 1493 1268 1520 Benedictus.

908 1569 932 1601 Ο
958 1569 1075 1600 victrix
1099 1568 1224 1606 eximia,

956 1616 1052 1654 Virgo
1075 1615 1268 1655 Margareta,

909 1662 978 1693 Tua
1004 1661 1164 1694 desideria

952 1709 1043 1741 Bona
1066 1710 1140 1741 sunt:
1162 1710 1304 1749 impleta,

908 1755 1036 1795 Duplex
1061 1759 1181 1788 sertum
1205 1757 1326 1796 gloriae

955 1802 1035 1834 Fers
1059 1803 1144 1835 inter
1167 1803 1288 1844 beatos,

910 1850 1011 1882 Grata
1035 1849 1116 1881 fonti
1140 1851 1270 1892 gratiae,

955 1896 1023 1928 Fac
1045 1904 1104 1927 nos
1126 1896 1191 1935 ipsi
1215 1900 1332 1937 gratos.

977 2007 1025 2039 In
1050 2010 1080 2040 2.
1105 2008 1326 2049 Vesperis.

1029 2099 1075 2127 Ad
1093 2101 1272 2137 Mag-nificat.

912 2176 992 2218 Ave,
1020 2175 1099 2207 caeli
1123 2177 1272 2211 redimita

958 2222 1142 2262 Margareta
1165 2224 1282 2264 laurea,

914 2269 1060 2303 Pretiosa
1081 2271 1256 2310 margarita

964 2315 1127 2349 Caelibatu
1150 2318 1254 2360 nivea,
