1655 2534
645 118 882 152 —85—

253 211 284 244 5.
312 212 436 250 Inclite,
462 212 578 244 nobilis
603 222 642 245 ac
662 213 862 253 venerabilis,
887 223 962 245 auro
986 214 1165 253 praecellis,

307 259 407 291 Tutor
432 259 576 291 amabilis
601 269 640 292 ac
663 260 865 299 venerabiliS,
892 263 958 292 esto
983 260 1124 294 misellis,

189 333 274 361 Brev.
300 342 352 360 ms.
382 334 575 361 Oracoviense
600 342 674 361 saec.
696 332 740 362 15.
781 334 850 363 Coo.
870 334 964 371 Capit.
987 335 1154 363 Graoovien.
1177 332 1224 362 20.
1245 348 1282 353 —
1302 333 1324 361 Α
1344 334 1371 369 4,
1393 333 1408 362 1

114 371 206 398 floret.
233 385 268 390 —
289 369 311 396 Α
340 369 366 405 5,
388 369 406 398 2
431 371 555 399 miseris.
575 386 612 390 —-
634 372 678 399 Im
704 372 828 409 fibrigen
852 373 893 399 ist
916 373 968 400 das
989 371 1121 401 Officium
1141 373 1193 400 das
1212 373 1412 407 gewfihnliohe

115 409 292 443 prosaische.

539 500 577 531 29
590 500 620 531 b.
649 500 692 531 De
712 501 821 532 sancto
841 499 977 532 Nicolao.

588 579 635 611 In
660 578 690 611 1.
716 579 932 619 Vesperis.

664 651 860 688 Antiphonae.

284 711 316 743 1.
347 710 482 749 Christe,
512 711 573 741 tuis
599 709 726 742 famulis
750 711 841 743 nobis
866 709 947 743 festa
969 711 1105 751 Nicolai,

339 757 385 788 Te
413 757 561 797 petimus,
588 759 717 797 praesta
742 758 885 789 venerari
909 758 1003 790 laude
1027 758 1173 792 iucunda.

282 814 312 845 2.
338 813 398 851 Qui
423 812 518 844 terris
542 814 665 852 positus
690 813 775 844 mitis
800 813 862 846 fuit
884 823 922 845 ac
946 814 1137 853 moderatus,

338 859 514 891 consolans
538 859 670 891 miseros
698 859 880 892 confortans
904 862 999 900 atque
1022 861 1165 899 pusillos.

282 916 313 948 3.
339 915 393 947 Ad
420 915 541 947 caelum
564 916 714 956 migrans,
744 916 899 947 caelorum
930 916 1065 948 culmina
1090 917 1204 957 ditans,

335 962 400 993 Hic
424 962 547 993 relevat
570 963 686 994 multos
712 962 893 994 morborum
916 963 998 994 mole
1023 966 1178 1002 gravatos.

280 1020 313 1052 4.
339 1018 443 1058 Digne
467 1018 536 1050 Deo
560 1019 661 1060 mileS,
689 1019 741 1058 qui
765 1019 902 1058 palmam
926 1019 1052 1051 nomine
1076 1019 1220 1058 praebes,

333 1066 397 1097 Pro
422 1064 513 1097 nobis
539 1065 658 1098 Christi
682 1075 787 1106 pugna
810 1065 928 1097 virtute
952 1066 1083 1105 potenti.

282 1123 313 1154 5.
341 1122 506 1154 Credimus
530 1122 563 1153 in
588 1122 719 1154 thalami
745 1123 915 1154 consistere
938 1123 1014 1155 sede
1037 1124 1176 1163 superni,

333 1170 432 1201 Posse
456 1169 561 1201 salvos
586 1168 656 1200 fieri
679 1177 738 1208 per
762 1171 795 1200 te
819 1168 865 1201 sic
889 1168 977 1201 fonte
1000 1172 1137 1201 renatos.

183 1235 266 1261 Brev.
280 1233 445 1260 Romanum
459 1233 528 1267 imp.
544 1232 674 1260 Venetiis
691 1229 773 1259 1522.
785 1247 821 1251 ——
836 1230 858 1257 Α
871 1229 898 1265 3,
915 1230 929 1259 1
944 1232 1076 1260 eulmina
1089 1232 1234 1259 caelorum
1249 1232 1353 1260 ditans.
1368 1247 1403 1252 -

107 1269 129 1297 Α
152 1269 178 1305 5,
197 1269 216 1297 2
229 1272 299 1298 Lics
312 1270 375 1298 Nos
397 1270 494 1297 salvos
514 1269 596 1297 fieri?
617 1283 654 1288 —-
666 1270 709 1296 Es
728 1270 862 1297 vei-client
878 1270 956 1297 noch
975 1270 1025 1297 die
1037 1269 1167 1305 hiiufiger
1178 1269 1405 1297 vorkommende

110 1307 133 1334 Α
154 1309 191 1335 ad
212 1307 388 1336 Benedictus
410 1307 539 1335 erwfihnt
560 1317 597 1334 zu
617 1307 740 1340 werden,
760 1307 917 1335 besonders
938 1307 976 1334 da
995 1309 1039 1334 sie
1057 1308 1090 1334 in
1111 1307 1278 1335 Chevaliers
1298 1308 1404 1344 Reper-

110 1348 216 1373 torium
237 1347 323 1373 unter
342 1346 392 1373 Nr.
415 1342 491 1373 3684
511 1345 555 1372 als
577 1342 746 1380 ‚‚Hymnus“
770 1345 935 1382 aufgefiihrt
957 1344 1044 1372 wird:

373 1392 518 1428 Copiosae
537 1392 668 1419 caritatis
690 1392 813 1419 Nicolae
833 1392 971 1427 pontifex,

372 1431 429 1464 Qui
450 1437 515 1456 cum
534 1430 598 1457 Deo
618 1429 755 1466 gloriaris
775 1431 807 1456 in
827 1429 902 1456 caeli
924 1430 1043 1465 palatie,

374 1467 587 1500 Condescende,
609 1467 816 1503 supplicamus,
838 1466 874 1493 ad
895 1469 925 1494 te
945 1467 1167 1503 suspirantibus,

374 1505 416 1533 Ut
435 1506 536 1533 exutos
558 1506 642 1541 gravi
663 1513 750 1532 carne
769 1504 919 1540 pertrahas
941 1505 978 1532 ad
999 1513 1126 1540 superos.

100 1554 196 1580 ‹Bi-ev,
218 1562 270 1580 ms.
293 1553 457 1580 Romanum
476 1559 551 1579 saec.
574 1550 618 1579 15.
658 1551 726 1579 Cod.
746 1552 880 1579 Rossian.
901 1560 924 1579 sr
947 1550 988 1586 n.)

490 1661 538 1693 30.
568 1662 613 1693 De
633 1671 656 1693 s.
676 1661 800 1693 Nicolao
831 1660 1025 1702 hincopensi.

232 1735 285 1775 ⁴In
308 1733 337 1765 1.
366 1733 579 1772 Vesperis.
970 1731 1016 1758 Ad
1034 1731 1211 1767 Magnificaf.

779 1788 819 1821 A.
854 1787 977 1820 Caelice
1002 1787 1174 1830 confessor,

316 1807 511 1843 Antiphonae.

239 1876 246 1882 ι
343 1875 349 1880 ¹
415 1875 421 1881 ι
896 1838 1059 1875 pastorum
1083 1837 1151 1877 lux,
1176 1839 1301 1878 patriae
1326 1849 1390 1882 cor,

112 1877 143 1908 1.
172 1875 298 1907 Christo
325 1877 367 1906 S1t
389 1884 444 1914 pla
468 1874 546 1916 laUS,
849 1882 1025 1915 Ecclesiam
1050 1893 1202 1925 pressam,

216 1931 310 1963 quam
333 1921 481 1961 provexit
505 1921 665 1954 NiGOIaUS·
897 1931 1004 1962 servili
1027 1932 1171 1970 pondere
1195 1932 1320 1974 fessam,

848 1977 955 2019 Erige,
983 1979 1113 2010 devotos

109 1991 140 2022 2.
169 1989 268 2021 Festa
294 1989 406 2020 decent
432 1988 521 2020 suavi

897 2034 1023 2067 semper
1045 2026 1184 2058 retinens
1210 2026 1270 2058 tibi
1292 2028 1401 2063 Gotos,

214 2044 311 2077 prece
331 2036 535 2077 verbigeuam
560 2035 695 2069 Nicolai.

109 2105 141 2136 3-
168 2103 235 2135 Nos
261 2105 349 2142 tegat
372 2112 392 2134 a
415 2111 514 2143 pravo
913 2111 977 2142 Ad
1001 2110 1270 2145 Matutinum.

215 2151 328 2191 culpae
351 2150 448 2192 Deus,
476 2159 533 2181 arx
558 2149 702 2182 Nicolao.

984 2175 1198 2204 Invitatorium.

106 2219 138 2250 4.
166 2218 228 2249 Per
256 2216 367 2249 veniae
392 2217 526 2257 clavum,
847 2234 886 2265 In
911 2233 1033 2265 meritis
1058 2233 1143 2265 vitae

209 2265 306 2304 DeuS,
326 2264 453 2296 attrahe
467 2272 525 2295 nos
539 2263 716 2296 Nicolaum.
895 2281 996 2320 Patris
1021 2281 1122 2312 nostri
1147 2281 1272 2314 Nicolai

104 2332 134 2364 5.
162 2331 297 2363 Filiolos
322 2330 474 2363 Abrahae
848 2329 935 2361 Voce
959 2328 1027 2361 Deo
1053 2329 1151 2371 suavi,

209 2381 302 2419 pater
328 2377 420 2411 effice
443 2386 500 2411 nos
524 2377 669 2411 Nicolae.
897 2376 981 2416 Goti,
1007 2375 1171 2409 iubilando
1199 2377 1313 2412 venite.
