1655 2534
236 2151 274 2183 v.

753 154 1014 189 —266—

275 274 283 281 .
308 251 431 282 Audito
457 251 626 291 evangelio

357 297 479 329 Christi
505 298 642 329 salutari

311 343 428 376 Cordis
455 353 494 375 ex
521 344 688 377 desiderio

357 391 475 431 Coepit
499 391 670 431 aspernari

308 437 466 469 Mundum
492 447 563 469 cum
589 437 708 469 decore

357 484 402 515 Et
426 485 512 516 omni
536 483 771 523 blandimento,

307 530 390 562 Eius
416 540 545 571 semper
569 532 640 562 laus
664 531 699 561 in
725 537 783 560 ore

357 576 436 608 Cum
461 578 546 609 omni
571 577 774 609 documento.

275 657 282 664 .
308 633 495 664 Victorinus
516 633 570 672 pio
597 631 695 663 corde

353 679 556 711 Revolvebat
578 679 711 718 iugiter,

311 725 446 765 Absque
471 726 556 766 labe,
580 725 704 765 absque
730 723 830 756 sorde

355 771 401 804 Ut
424 771 531 803 Deum
557 774 645 803 amet
670 771 826 811 digniter,

309 819 445 857 Quaerit
469 828 579 850 amans
603 819 637 850 in
663 821 771 849 amato

350 865 427 897 Iesu
452 864 659 905 conformari,

307 911 387 943 Eius
412 912 484 951 lege
510 915 544 943 et
566 911 724 943 mandato

351 958 533 999 Peroptans
559 958 691 990 sociari.

365 1071 411 1102 In
437 1072 467 1103 3.
493 1070 727 1102 Nocturno.

449 1143 641 1179 Antiphonae.

275 1226 282 1233 .
309 1199 481 1232 Confidens
505 1201 639 1240 praesul
663 1200 804 1232 Domino

354 1247 501 1279 Iustitias
527 1247 654 1287 dilexit,

308 1293 368 1332 Qui
392 1295 491 1326 vitam
516 1295 586 1325 sine
610 1294 749 1325 termino

353 1340 443 1372 Dans
468 1341 574 1380 ipsum
598 1341 688 1372 caelo
713 1340 813 1371 vexit.

275 1419 282 1425 .
308 1395 414 1427 Purus
439 1397 509 1427 sine
534 1397 662 1428 macula

354 1443 455 1474 Valet
477 1443 614 1474 introire

308 1489 455 1521 Aeterna
478 1489 690 1520 tabernacula

354 1536 425 1567 Deo
447 1539 479 1567 et
504 1536 637 1567 servire.

275 1614 282 1621 .
309 1591 355 1622 Te
379 1592 552 1631 Lutomysl
576 1601 636 1632 per
661 1591 794 1623 saecula

354 1638 411 1678 Te,
437 1638 562 1675 Victor,
588 1638 771 1676 benedicat,

307 1684 357 1715 Tu
384 1685 464 1716 cleri
488 1685 601 1716 lucens
625 1683 743 1724 facula,

354 1730 416 1771 En,
442 1731 529 1771 audi,
554 1731 670 1763 laudes
696 1731 793 1762 dicat.

443 1815 645 1849 Responsoria.

276 1894 284 1901 .
309 1871 462 1904 Laudans
487 1880 598 1912 regem
624 1873 828 1904 saeculorum

353 1918 441 1950 Voce
467 1919 654 1951 delectabili

306 1965 427 2005 Pangit
450 1966 551 1997 melos
579 1966 787 2006 canticorum,

353 2012 417 2044 Via
439 2013 467 2043 it
490 2013 633 2044 mirabili

305 2058 356 2090 De
380 2062 503 2091 v1rtute
526 2061 560 2092 in
584 2061 748 2102 virtutem,

353 2106 390 2138 In
416 2106 494 2138 Sion
518 2107 625 2139 Deum
649 2117 793 2148 cernere,

305 2152 366 2191 Qui
390 2156 543 2193 operatus
569 2157 621 2186 est
645 2156 785 2187 salutem

353 2200 472 2232 Ablato
497 2201 609 2233 mundi
634 2203 770 2235 scelere.

273 2280 279 2286 .
307 2255 470 2296 Cupiebat
493 2257 559 2289 iam
585 2258 721 2291 dissolvi

351 2303 397 2334 Et
421 2312 495 2336 esse
520 2314 592 2337 cum
616 2306 757 2348 Christo,

307 2349 435 2382 Clamat
452 2352 569 2393 clerus,
588 2353 707 2385 clamat
721 2357 849 2386 coetus:

351 2397 452 2429 Pater
475 2399 674 2442 beatissime,

922 1918 940 1949 0'(

984 252 1064 284 Mox
1089 253 1222 285 absolve
1248 252 1463 291 Victorinum,

1029 299 1130 341 Deus,
1155 301 1242 332 hunc
1267 298 1468 340 certissime3

983 345 1076 378 Omni
1100 357 1187 379 noxa
1210 347 1387 379 liberatum

1029 393 1145 434 Liquit
1170 393 1436 426 clementissime.

949 473 957 480 .
982 449 1136 482 Caritatis
1163 451 1349 482 cumulator

1031 496 1147 538 Carpis
1171 498 1235 529 iam
1262 495 1425 535 sublimia,

982 543 1021 575 In
1048 547 1144 575 coetu
1166 544 1261 583 regni
1287 552 1321 574 es
1347 541 1512 581 laudator,

1030 587 1166 633 (Melos)
1184 593 1278 622 tenes
1295 589 1384 622 vitae
1400 588 1531 626 bravia,

980 637 1101 677 Pangit
1124 638 1263 677 hymnos
1287 635 1505 675 Augustinus,

1028 684 1118 715 Tuus
1146 683 1353 722 consodalis3

981 730 1047 763 Pro
1074 731 1180 763 salute
1206 730 1411 763 servulorum

1028 777 1156 809 Devote
1182 781 1216 809 te
1242 777 1417 809 colentium

980 824 1055 865 013,
1081 827 1118 855 ut
1139 825 1206 856 sint
1230 826 1337 856 sortes
1363 823 1480 854 horum

982 870 1062 902 Cum
1088 871 1232 902 sortibus
1258 873 1445 902 sanctorum

1026 917 1108 949 Post
1130 918 1165 950 in
1191 918 1267 949 aula
1291 917 1394 956 regia.

1069 1002 1085 1034 I
1094 1012 1115 1034 11
1140 1002 1168 1034 L
1178 1011 1198 1033 a
1206 1012 1228 1033 u
1238 1001 1307 1033 dib
1316 1010 1338 1031 u
1348 1010 1375 1031 s.

1119 1075 1313 1110 Antiphonae.

946 1159 953 1166 .
977 1133 1071 1165 Haec
1097 1132 1221 1164 cordali
1248 1131 1368 1172 gaudio

1026 1179 1129 1211 Festa
1153 1179 1340 1211 recolentes

979 1226 1106 1258 Decore
1128 1235 1255 1258 morum
1279 1225 1369 1257 vario

1025 1273 1110 1313 Regi
1133 1282 1220 1304 nunc
1244 1275 1411 1304 canentes.

979 1329 1075 1360 Nunc
1099 1329 1255 1360 internali
1279 1328 1379 1359 latria

1024 1376 1096 1407 Deo
1122 1376 1313 1415 serviamus,

980 1422 1027 1454 Ut
1050 1423 1084 1453 in
1109 1422 1192 1454 caeli
1216 1423 1328 1462 patria

1026 1469 1155 1501 Sortem
1179 1468 1370 1501 habeamus.

945 1549 951 1556 .
977 1525 1057 1556 Ritu
1082 1526 1165 1564 legis
1192 1525 1404 1565 obsequendo

1027 1571 1098 1603 Deo
1123 1571 1297 1612 vigilabat,

976 1618 1064 1649 Ante
1088 1618 1193 1649 lucem
1220 1618 1428 1658 exsurgendo

1022 1664 1133 1704 Ipsum
1159 1665 1330 1697 exorabat.

944 1745 951 1752 .
976 1720 1045 1752 Iam
1070 1730 1190 1753 sonora
1214 1724 1323 1753 mente
1348 1730 1433 1761 pura

1023 1768 1141 1800 Victor
1165 1768 1236 1800 Deo
1262 1768 1411 1809 plaudat,

979 1814 1080 1853 Quem
1106 1816 1237 1847 extollit
1262 1818 1426 1856 creatura,

1026 1862 1136 1894 Omnis
1162 1864 1254 1894 aetas
1278 1863 1403 1895 laudat.

946 1941 953 1948 .
981 1917 1110 1949 Canunt
1135 1927 1231 1950 sacra
1255 1920 1385 1959 agmina

1027 1964 1193 1996 Concentu
1218 1966 1381 1998 melodiae

979 2011 1105 2043 Laudis
1129 2012 1351 2045 modulamina

1025 2058 1110 2099 Tibi,
1136 2062 1232 2098 pater
1256 2060 1323 2099 pie.

1095 2122 1141 2150 Ad
1162 2123 1347 2151 Benedictus.

940 2194 948 2202 .
979 2169 1169 2209 Spectemus
1193 2182 1279 2205 nunc
1305 2174 1470 2213 magnalia

1024 2216 1163 2250 Divinae
1188 2220 1381 2262 maiestatis,

978 2263 1063 2295 Nam
1087 2265 1219 2298 vincula
1243 2269 1400 2307 poenalia

1025 2311 1176 2345 Peccatis
1203 2314 1394 2348 condonatis

979 2357 1157 2391 Solvuntur
1180 2361 1380 2396 mirabiliter

1025 2405 1105 2446 Igne
1132 2408 1223 2440 caelo
1250 2409 1395 2454 delapso,
