1655 2534
733 122 987 156 —108—

284 221 332 254 Ut
352 222 515 254 beatorum
539 219 679 260 praemio

334 269 513 309 Iungamur,
541 268 759 307 deprecentur.

234 326 263 357 2.
292 324 407 367 Sancti,
430 332 559 363 quorum
583 321 731 361 suffragia

337 371 375 402 In
399 372 467 403 loco
493 370 613 401 clarent
637 368 709 407 isto,

288 417 408 449 Nostra
431 417 555 449 solvant
579 415 722 454 contagia

336 464 379 495 Et
402 472 458 495 nos
484 461 678 494 conforment
695 461 830 493 Christo.

256 543 263 551 .
291 519 494 550 Patronorum
518 517 658 555 victoria,

338 565 403 603 Qua
429 567 539 595 cuncta
565 563 755 602 devicerunt,

291 612 357 643 Nos
383 611 512 643 collocet
536 611 569 641 in
592 609 701 651 gloria,

337 658 434 696 Quam
457 657 550 696 digne
572 657 761 688 meruerunt.

423 730 626 765 Responsoria.

258 812 265 819 .
292 787 427 820 Caecilia
452 794 521 817 cum
544 785 724 826 Valeriano,

291 833 411 873 Sponso
436 842 502 873 suo,

337 879 437 912 fratre
462 888 530 911 cum
554 888 701 920 germano

290 926 325 958 1n
352 926 502 966 angustiis
526 935 583 958 nos
599 929 833 965 recognoscant,

291 973 397 1004 Vitam
418 972 509 1004 nobis

339 1022 497 1051 aeternam
523 1020 703 1059 deposcant,

255 1090 262 1097 .
293 1066 427 1104 Quorum
447 1068 615 1104 patronatu
632 1066 834 1105 gratulamur,

295 1112 444 1143 Precibus
469 1112 594 1143 illorum
618 1111 794 1145 fulciamur.

259 1193 267 1201 .
294 1168 504 1207 Requiescunt
529 1176 660 1207 corpora
689 1168 819 1199 duorum

293 1214 356 1245 Hic
380 1214 537 1246 Arthemii

341 1264 373 1291 et
395 1261 475 1293 Iusti
498 1264 684 1302 sanctorum,

295 1307 353 1346 Qui
369 1306 487 1339 faciant
502 1316 558 1339 nos
576 1307 722 1347 precibus
737 1307 837 1339 beatis

295 1353 377 1385 Suae
401 1354 569 1385 coheredes
595 1354 757 1392 claritatis,

258 1425 264 1432 .
295 1401 341 1433 Ut
363 1401 488 1432 illorum
512 1401 612 1440 gloria
637 1403 803 1439 conspecta

295 1447 354 1478 Via
381 1447 483 1479 caelos
503 1447 650 1478 adeamus
675 1450 769 1478 recta.

264 1528 271 1535 .
297 1502 420 1534 Felices
445 1502 582 1534 athletae
605 1502 822 1543 triumphales,

297 1548 387 1579 Beati
413 1549 550 1586 Cautius,
577 1549 747 1581 Cantianus

345 1598 376 1625 et
405 1595 603 1637 Cantioniila,

298 1641 481 1673 Passionum
504 1650 560 1672 vos
583 1641 707 1673 sodales

300 1687 440 1719 Christus
465 1686 540 1718 fecit
566 1691 597 1719 et
620 1688 764 1727 aequales

298 1734 373 1765 Vita
396 1734 556 1766 beat-orum
580 1735 613 1765 in
638 1735 826 1773 tranquilla3

261 1803 268 1810 .
298 1780 442 1812 Patronis
455 1781 624 1820 gaudemus
638 1783 669 1811 et
680 1781 728 1813 his
737 1781 840 1819 trinis,

301 1826 388 1859 Caeli
412 1828 463 1867 qui
480 1836 536 1858 nos
552 1828 683 1867 iungant
696 1826 840 1860 officiniS.

365 1920 411 1951 1n
436 1920 466 1953 3.
492 1919 713 1953 Nocturno.

449 1993 639 2030 Antiphonae.

268 2078 275 2085 .
301 2051 420 2091 Honor,
447 2051 679 2091 magnificentia

349 2098 466 2130 Christi
492 2099 582 2130 decet
606 2100 731 2138 electos,

303 2146 397 2177 Cuius
421 2144 628 2178 beneficentia

348 2192 460 2224 Beavit
485 2193 579 2224 corde
601 2198 715 2225 rectos

248 2249 278 2280 2.
304 2247 518 2280 Ooruscabant
541 2249 701 2281 miraculis

352 2294 463 2326 Nostri
486 2296 602 2328 mundo
625 2296 764 2336 patroni,

307 2341 468 2373 Caelorum
492 2342 680 2375 habitaculis

349 2388 492 2421 Heredes
516 2390 628 2421 summi
649 2389 734 2422 boni.

899 218 932 249 3.
957 215 1078 249 Christi
1099 223 1194 255 pares
1216 212 1408 249 coniudices,

1004 262 1114 293 Testes
1139 261 1276 300 virgines
1301 259 1416 297 almae,

957 309 1067 342 Facite
1090 317 1157 348 nos,
1183 305 1359 346 pontifices,

1004 356 1137 388 Vestrae
1162 355 1323 386 consortes
1348 351 1486 392 palmae.

1094 429 1300 465 Responsoria.

923 511 931 519 .
958 485 1126 519 Pontifices
1151 487 1276 518 sanctos
1301 491 1497 522 veneremur,

959 534 1094 572 Quorum
1107 534 1276 572 patronatu
1294 529 1507 571 confovemur,

959 579 1050 612 Omni
1073 579 1169 611 laude

1008 626 1127 668 dignos,
1155 624 1389 661 Godehardum,

958 672 1172 713 Epiphanium

1007 721 1101 758 atque
1125 718 1361 758 Bernwardum,

922 792 931 800 .
960 768 1058 800 Pares
1083 767 1172 806 regni
1196 765 1243 796 tui
1266 773 1343 804 quos
1369 762 1483 803 fecisti,

961 812 1094 855 Christe,
1123 813 1184 844 duc
1207 821 1275 851 nos,

1011 859 1066 891 ubi
1090 859 1229 899 gaudent
1252 858 1316 890 isti.

928 944 933 950 .
961 916 1112 955 Speciosa
1133 914 1307 946 Petronilla

961 964 1038 996 Cum
1054 962 1207 1000 Honesta,
1225 961 1321 992 decus
1342 960 1508 1001 virginale,

961 1009 1043 1042 Suae
1064 1008 1152 1041 vobis
1178 1007 1318 1039 caritatis

961 1055 1061 1088 Dedit
1085 1055 1228 1087 Christus

1008 1102 1130 1141 signum
1146 1101 1347 1141 triumphale,

961 1149 1045 1180 Nam
1070 1148 1202 1180 devictis

1009 1195 1111 1235 hoste,
1138 1202 1242 1232 carne,
1267 1195 1385 1226 mundo

963 1242 1026 1273 Vos
1050 1242 1190 1280 praemio
1215 1240 1323 1272 beavit
1347 1241 1485 1274 abunde.

925 1314 931 1321 .
963 1288 1108 1328 Virgines
1134 1287 1277 1326 eximiae,

1008 1334 1076 1366 Nos
1104 1338 1281 1366 vestrorum

966 1382 1132 1414 Consortes
1158 1379 1274 1412 efficite

1013 1427 1217 1459 Gaudiorum.

931 1510 938 1517 .
965 1486 1135 1517 Laetemur
1153 1485 1193 1515 de
1209 1483 1312 1522 gloria
1324 1485 1516 1523 sanctorum,

963 1530 1067 1563 Huius
1090 1531 1182 1562 aulae
1204 1533 1420 1571 patronorum,

967 1577 1026 1616 Qui
1050 1577 1131 1608 votis
1156 1577 1273 1608 nostris
1298 1575 1436 1615 faveant,

1013 1623 1181 1655 intendant

966 1671 1011 1702 Et
1032 1670 1122 1701 nobis
1148 1669 1340 1702 adiutorium

1015 1717 1212 1756 impendant,

930 1772 952 1797 „A
967 1764 1080 1796 Pacem
1098 1764 1190 1806 vivis,
1208 1763 1341 1803 gloriam
1360 1762 1518 1796 defunct-is

969 1810 1139 1843 obtineant
1162 1810 1310 1850 precibus
1331 1811 1517 1844 coniunctis.

1054 1923 1071 1954 I
1080 1932 1102 1953 n
1124 1922 1153 1954 L
1162 1932 1181 1954 a
1189 1931 1210 1953 u
1221 1922 1291 1954 dib
1298 1932 1319 1954 u
1328 1932 1353 1955 s.

1116 1994 1309 2030 Antiphonae.

916 2053 946 2085 1.
974 2052 1152 2085 Gloriosum
1176 2053 1397 2092 praedicamus

1020 2099 1067 2130 Te
1088 2099 1191 2131 Deum
1216 2100 1405 2140 mirabilem,

974 2146 1012 2178 In
1037 2147 1154 2178 sanctis
1179 2148 1400 2180 annuntiamus

1022 2192 1098 2224 Tuis
1122 2196 1155 2224 te
1177 2193 1382 2228 laudabilem.

920 2251 951 2282 2.
978 2249 1128 2282 Caelestis
1153 2250 1227 2282 aula
1250 2250 1365 2283 iubilat

1026 2296 1075 2327 De
1098 2299 1162 2328 tam
1188 2298 1305 2329 sanctis
1329 2301 1485 2342 patronis,

980 2344 1117 2382 Quorum
1140 2346 1207 2377 vita
1230 2354 1314 2377 nunc
1337 2347 1448 2381 rutilat

1026 2391 1065 2423 In
1088 2392 1182 2426 terris
1206 2394 1238 2423 et
1260 2392 1294 2425 in
1317 2394 1451 2429 thronis.
