1655 2534
651 109 909 147 —293-

455 207 490 234 A.
510 208 534 236 O
554 216 663 243 magna
682 210 711 236 et
728 207 859 243 gloriosa

510 247 600 283 Regis
621 247 732 274 aeterni
752 254 889 282 purpura,

513 284 619 312 Inclite
637 286 748 319 martyr
768 284 887 319 Elyphi,

513 321 643 355 Caelum,
663 320 846 358 terramque)
865 321 1028 357 perornasti

512 360 591 387 Hinc
610 360 723 393 merito,
744 358 814 386 hinc
834 359 981 394 exemp103

514 396 600 425 Unde
619 397 705 424 nobis
724 405 811 432 prece
832 400 935 424 sancta

510 435 603 462 Posce
623 436 717 461 vitam
736 435 768 462 in
788 434 914 462 saecula.

202 511 248 541 72.
269 514 455 547 Elzearii,
481 514 529 542 dic
555 513 678 541 Cosmae
703 515 732 541 et
755 514 903 546 Damiani.
924 511 986 549 [fol.
1006 511 1111 550 23412}
1152 513 1170 540 Α
1191 514 1228 541 ad
1247 514 1347 550 Magn.
1368 514 1428 542 und

127 550 149 578 R
174 550 197 579 1.
217 551 268 580 der
290 550 313 578 1.
335 552 412 580 Noct
435 560 487 579 aus
507 552 573 579 dem
594 551 728 579 Officium
748 551 832 579 Anal.
853 551 935 585 XIII,
957 551 1006 579 Nr.
1029 550 1074 579 44.

202 629 247 659 73.
267 632 462 660 Emmerici
481 633 664 665 confessoris,
685 629 711 659 3.
732 630 812 667 Sept.
832 628 893 667 [fol.
918 629 1018 667 191a].
1060 632 1078 658 Α
1100 632 1135 659 ad
1155 631 1254 667 Magn.
1277 632 1347 666 Ave,
1368 633 1420 659 flos

127 669 270 697 nobilium
292 672 344 697 etc.
366 670 450 698 Anal.
472 670 505 705 V,
527 669 556 697 S.
579 666 641 697 166.

202 748 248 778 74.
268 751 434 785 Erasmi‚
460 751 591 785 episcopi
611 753 641 777 et
659 751 804 783 martyris,
825 747 851 777 3.
872 749 956 777 Junii
976 745 1037 784 [fol.
1058 746 1138 785 78a].
1177 750 1324 785 Folgende
1343 749 1426 777 Teile

125 789 206 815 eines
226 788 437 816 unbekannten
459 786 703 816 Reimofficiums:

326 845 541 872 Invitatorium.
805 843 840 869 A.
861 842 952 871 Adest
971 843 1034 871 dies
1052 844 1193 877 laetitiae,

181 891 333 919 Imitemur
353 892 521 919 affectanter
902 881 968 914 Qua
985 881 1129 909 DOminUS
1149 882 1283 925 ΥθὸξῑῗΧὶῒ,

221 929 367 957 Christum
387 930 471 957 vocis
492 928 595 962 iubilo,
865 917 936 945 Cum
957 927 993 945 ex
1011 919 1090 946 valle
1109 921 1274 947 maestitiae

177 967 221 995 Ut
239 968 357 995 Erasmi
376 968 537 1003 glorianter
899 956 1055 983 Erasmum
1075 957 1174 983 erexit.

217 1005 375 1033 Laetemur
394 1004 543 1041 suffragio.
805 1020 840 1048 A.
863 1020 887 1048 o
908 1023 1018 1055 martyr
1041 1021 1149 1048 Christi
1168 1022 1277 1053 inante,

122 1062 158 1089 A.
177 1061 295 1089 Erasmi
318 1062 354 1089 ob
374 1058 527 1097 meritis[!]
861 1058 1001 1086 Precibus
1021 1059 1139 1086 assidue

180 1098 325 1127 Coronam
345 1108 376 1127 se
396 1098 585 1135 diligentibus
896 1096 956 1123 Ora
974 1104 1026 1131 pro
1048 1096 1195 1132 desolatis,

182 1136 300 1165 Confert
317 1137 398 1165 vitae
416 1137 570 1171 Dominus,
855 1133 897 1161 Ut
910 1131 947 1170 [lz
968 1130 1029 1169 Et]‚
1053 1142 1140 1170 quam
1157 1137 1299 1171 optamus,
1320 1137 1425 1165 veniae

180 1174 264 1202 Sicut
282 1176 419 1211 promisit
436 1175 578 1210 patribus,
857 1171 994 1199 Conferre
1013 1173 1098 1200 nobis
1118 1173 1215 1200 tribue

173 1212 311 1241 Abrahae
331 1215 360 1240 et
380 1213 485 1240 semini
506 1213 577 1240 eius.
892 1210 988 1237 Vitam
1009 1217 1074 1237 cum
1094 1210 1196 1238 beatis.

197 1291 242 1320 75.
262 1293 375 1327 Erici,
402 1294 478 1328 regis
508 1292 631 1320 Succiae
657 1294 686 1319 et
709 1292 860 1325 martyris,
882 1287 925 1317 18.
946 1288 1027 1325 Maii,
1050 1288 1083 1317 10
1103 1287 1165 1326 [foi.
1188 1289 1222 1318 91
1232 1288 1270 1327 a].
1312 1291 1331 1317 Α
1351 1292 1421 1327 Ave,

118 1334 230 1366 martyr
250 1332 377 1366 pretiose
396 1333 448 1358 etc.
470 1330 555 1357 Anal.
576 1329 668 1363 XXV,
690 1328 719 1356 S.
734 1326 798 1356 286.
824 1343 853 1348 --
866 1325 904 1353 20
923 1324 985 1363 [fol.
1007 1325 1060 1356 160
1070 1325 1110 1364 bJ.
1144 1329 1162 1355 Α
1187 1326 1200 1355 1
1225 1327 1275 1356 der
1296 1328 1320 1357 1.
1335 1329 1422 1366 Vesp.

119 1370 180 1397 und
202 1366 222 1395 R
244 1368 262 1396 2
283 1369 333 1396 der
353 1367 379 1396 2.
400 1369 484 1396 Noct.
503 1367 574 1396 ibid.
596 1376 623 1402 p.
644 1364 699 1394 285
720 1374 761 1401 sq.

137 1490 144 1495 ι
196 1448 242 1514 7Α6.
262 1448 521 1483 Erkenwaldi,
543 1449 674 1484 episcopi
694 1449 723 1474 et
742 1446 924 1482 confessoris,
946 1446 1048 1474 ultimo
1062 1446 1173 1482 Aprilis
1187 1444 1247 1482 [fol.
1262 1444 1349 1482 73a];
1369 1456 1424 1476 nur

119 1497 185 1516 eine
234 1498 241 1515 :

384 1545 408 1573 Ο
429 1544 518 1572 decus
538 1543 655 1578 insigne
673 1542 805 1569 nostrum
825 1544 986 1577 pastorque
1005 1542 1139 1577 benigne,

385 1583 408 1611 O
429 1583 480 1609 lux
499 1581 680 1613 Londoniae,
701 1581 784 1615 pater
803 1579 999 1607 Erkenwalde
1018 1581 1111 1611 beate,

384 1621 442 1654 Qui
462 1628 549 1656 super
569 1620 649 1646 astra
666 1617 776 1654 gaudes
797 1615 834 1654 [lx
855 1614 950 1653 sedes]
969 1617 1065 1645 Deum
1085 1621 1217 1653 spectare
1236 1626 1287 1654 per
1308 1627 1421 1654 aevum,

382 1659 490 1693 Aspice
509 1658 652 1685 laetantes
672 1659 724 1683 ‘cua
743 1656 851 1692 gaudia
870 1663 923 1683 nos
946 1655 1125 1683 celebrantes

382 1696 424 1724 Et
443 1698 540 1723 tecum
559 1696 639 1723 vitae
659 1694 706 1722 fac
725 1695 883 1729 participes
903 1695 968 1721 sine
986 1692 1052 1721 fine.

192 1777 237 1806 77.
258 1778 415 1811 Eskilli,
439 1777 568 1812 episcopi
589 1778 618 1803 et
635 1776 783 1812 martyris,
804 1773 831 1803 6.
848 1774 909 1803 Oct.
932 1771 993 1810 [fol.
1015 1773 1070 1803 201
1079 1772 1118 1811 a].
1152 1776 1171 1801 Α
1194 1775 1231 1803 ad
1245 1776 1352 1804 Bened.
1367 1784 1420 1804 aus

114 1818 183 1884 ἓξὲξ
196 1817 332 1883 (fill-{3331
343 1815 427 1844 Anal.
443 1814 552 1850 XXVI,
574 1814 625 1842 Nr.
649 1812 674 1847 1,
695 1814 765 1841 aber
784 1814 840 1840 mit
859 1812 926 1841 dem
946 1812 1077 1849 Anfang:
1099 1813 1123 1841 O
1143 1814 1274 1850 pontifex
1294 1815 1421 1851 egregie,

191 1934 236 1965 78.
256 1935 488 1969 Ethfflredis,
508 1934 633 1971 virginis
647 1932 858 1967 nobilissimae,
879 1930 925 1960 23.
942 1932 1027 1960 Junii
1040 1930 1102 1969 [fol.
1117 1930 1153 1960 75
1161 1930 1200 1969 b].
1228 1933 1291 1961 Nur
1305 1935 1370 1961 eine
1384 1932 1418 1960 A:

532 1991 602 2020 Flos
622 1991 731 2028 regalis
748 1989 917 2024 Ethelrcda,

572 2028 695 2066 Sponsa,
715 2029 808 2065 virgo,
829 2027 930 2062 vidua,

533 2068 683 2103 Monialis‚
705 2066 864 2100 abbatissa,

570 2107 686 2143 Regina
705 2105 852 2139 dulciflua,

531 2145 638 2179 Mente,
659 2152 747 2174 carne
765 2152 826 2171 non
845 2142 1000 2171 marcescis

569 2183 680 2211 Vivens
700 2190 796 2219 neque
812 2184 936 2215 mortua,

530 2222 719 2249 Famulorum
739 2222 780 2248 sis
800 2223 917 2247 tuorum

567 2259 707 2288 Adiutrix
726 2258 853 2286 assidua.

190 2342 235 2372 79.
256 2344 461 2379 Eugeniae,
482 2342 606 2379 virginis
627 2343 657 2369 et
675 2341 822 2377 martyris,
843 2337 869 2367 5.
892 2340 963 2367 Dec.
984 2335 1044 2374 [fol.
1065 2334 1121 2365 218
1130 2335 1169 2374 a].
1210 2338 1285 2365 Zwei
1307 2337 1347 2364 ΑΑ
1368 2346 1420 2365 un-

113 2382 278 2411 bekannter
297 2381 460 2411 Herkunft:
