1655 2534
737 116 991 151 —106-

221 210 276 237 Ain
293 209 393 237 Raude
413 209 490 236 daun
510 209 557 236 die
576 209 771 245 Bemerkung:
795 209 855 237 dies
877 207 898 235 R
919 209 1014 237 werde
1033 210 1109 237 insta
1128 209 1268 237 Octavam
1288 217 1453 246 gesungen;
1481 209 1513 235 in

221 247 280 275 die:
300 247 396 274 Hodie
415 247 460 274 vir
479 247 657 274 clarissimus
678 249 744 279 etc.⁷
767 254 827 274 was
849 246 990 274 ebenfalls
1011 255 1057 274 am
1076 247 1178 274 Raude
1198 247 1287 282 steht;
1311 246 1388 274 BCD
1411 249 1510 274 setzen

220 284 281 312 (lies
307 282 327 309 R
355 285 385 310 in
411 282 436 310 2.
463 284 549 318 Vesp.
576 297 612 301 —
634 285 745 312 Hier-zu
772 284 822 310 der
844 285 976 319 Hymnus
997 284 1078 312 Haec
1103 284 1164 312 dies
1192 284 1314 313 celebris
1346 283 1415 312 oder
1437 285 1509 312 Dies

218 329 295 349 nunc
313 321 434 349 celebris
452 319 558 355 (BOD),
580 320 629 347 cfr.
649 321 736 348 Mone
755 321 809 354 m,
829 320 893 349 473.

646 469 692 500 38.
721 469 764 499 De
783 469 889 500 saneto
909 468 1084 501 Pancratio.

361 567 406 597 In
433 568 461 598 1.
487 566 698 605 vesperis.

401 638 493 675 Super
510 639 652 667 Psalmofl.

220 696 258 728 A.
288 696 324 728 111
350 696 477 727 caelesti
502 696 606 735 patria

290 742 435 774 Gaudent
458 745 634 774 sanctorum
651 743 785 783 agmina,

290 789 352 822 Ubi
377 788 492 820 Christi
517 788 662 829 famulus,

287 835 402 866 Beatus
426 835 620 875 Pancratias,

287 881 435 913 Exsultat
458 882 491 912 in
515 882 624 922 gloria,

290 928 384 960 Cuius
411 928 499 960 nobis
524 928 678 971 precibus,

290 975 362 1006 Iesu
388 974 528 1016 benigne,
553 983 748 1014 quaesumus,

289 1019 403 1052 Confer
423 1024 550 1052 aeterna
574 1022 698 1060 gaudia.

405 1092 451 1120 Ad
470 1093 645 1130 Magnificat.

250 1176 256 1183 .
286 1150 456 1182 Ierusalem
481 1153 511 1181 et
536 1150 609 1182 Sion
635 1151 728 1191 filiae,

288 1196 487 1227 Pancratium
512 1197 621 1228 videre
646 1198 750 1229 venite

289 1242 366 1274 Cum
395 1250 508 1274 corona
531 1243 690 1282 victoriae,

287 1289 354 1328 Qua
383 1292 547 1321 coronatus
573 1292 622 1320 est
647 1291 740 1322 hodie

287 1337 314 1366 A
327 1344 442 1375 sponso
457 1345 533 1367 suae
543 1338 652 1368 matris
668 1338 830 1378 ecclesiae,

288 1381 392 1421 Cuius,
417 1381 560 1417 Domine,
583 1384 811 1416 interventione

284 1428 352 1459 Tua
375 1429 531 1460 salvemur
554 1431 786 1471 propitiatione.

376 1501 421 1528 Ad
440 1502 524 1529 Nunc
543 1502 674 1531 dimittis.

250 1585 256 1591 .
285 1558 309 1590 O
334 1560 455 1596 martyr
479 1559 693 1601 invictissime,

286 1604 433 1635 Pancrati
455 1605 644 1641 beatissime,

289 1650 349 1688 Qui
370 1650 403 1680 in
429 1650 545 1682 Christi
571 1653 765 1685 confessione

287 1696 417 1728 Durasti
441 1698 473 1728 in
491 1700 718 1739 perseeutione,

285 1743 351 1774 Tuo
376 1752 549 1775 mereamur
573 1747 750 1784 precamine

285 1790 323 1821 In
345 1789 435 1821 bonis
459 1792 541 1822 mala
563 1792 697 1826 vincere.

372 1931 415 1962 In
441 1931 670 1966 Laudibus,

427 2005 619 2040 Antiphonae.

251 2085 257 2091 .
284 2061 436 2092 Mundum
465 2062 649 2095 Pancratius

332 2107 448 2140 Christi
472 2118 530 2148 pro
553 2111 677 2142 nomine
697 2111 828 2152 sprevit,

284 2155 400 2186 Versus
426 2159 457 2187 et
479 2156 512 2187 in
536 2156 646 2188 melius

329 2200 405 2233 fidei
430 2211 487 2242 per
513 2203 658 2244 dogmata
682 2204 789 2236 crevit.

903 568 933 599 2.

888 1378 928 1409 A.

959 566 1064 598 lesum
1088 567 1120 598 in
1147 565 1290 599 Galilaea
1313 567 1403 598 videt

958 613 1025 644 Iam
1051 613 1205 645 exsistens
1230 613 1393 652 spritualis

957 659 1093 691 Ablutus
1118 660 1213 692 sorde
1237 660 1376 691 criminis

959 706 1138 747 Originalis.

926 785 932 791 .
962 762 1145 794 Pancratius
1171 764 1331 794 tormenta
1353 763 1509 794 sustinens

957 807 1002 840 Ut
1025 809 1125 841 Israel
1150 809 1297 849 Aegypto
1322 809 1463 840 serviens

958 854 1069 887 Manet
1092 856 1284 895 repromissa
1307 855 1428 887 sitiens.

926 936 933 943 .
957 910 1069 942 Finem
1093 910 1227 954 felicem,

1005 958 1164 996 Pancrati,
1190 959 1287 990 sumis
1310 966 1422 999 agone,

959 1004 1087 1036 Ordinis
1112 1005 1247 1044 angelici

1006 1048 1090 1094 [iam]
1116 1051 1282 1084 sociandus
1308 1060 1452 1083 coronae.

924 1132 931 1139 .
955 1107 1048 1139 Hunc
1071 1107 1129 1138 tibi
1154 1110 1261 1139 sancte
1286 1107 1415 1140 chorum

1006 1153 1153 1186 Pancrati
1176 1153 1271 1185 laude
1295 1162 1441 1186 sonorum

959 1201 1025 1232 Fac
1049 1208 1144 1239 prece
1168 1203 1347 1232 sanctorum

1007 1249 1182 1278 consortem
1207 1248 1282 1279 sede
1306 1248 1459 1286 polorum.

1076 1320 1122 1347 Ad
1140 1320 1325 1349 Benedictus.

960 1376 1093 1408 Sanctus
1117 1381 1239 1418 martyr
1266 1379 1460 1418 Pancratius,

960 1423 1119 1455 Victoriae
1147 1426 1252 1463 palma
1276 1426 1412 1461 inclitus,

959 1470 1047 1502 Labe
1070 1470 1155 1501 nivei
1179 1472 1310 1511 pudoris
1333 1473 1468 1512 nescius,

959 1516 1046 1548 Stola
1071 1517 1295 1550 candidissima
1318 1520 1462 1560 amictus,

959 1563 1083 1603 Agnum
1110 1572 1177 1595 cum
1205 1565 1401 1597 consortibus

959 1608 1105 1649 Sequitur
1129 1611 1244 1650 iugiter
1266 1612 1451 1652 virginibus,

1027 1751 1070 1782 ln
1094 1751 1123 1782 2.
1149 1750 1369 1791 Vesperis,

1074 1823 1120 1851 Ad
1139 1825 1317 1862 Magnificat.

919 1904 926 1911 .
958 1880 983 1912 O
1002 1882 1159 1919 Pancrati,
1182 1892 1305 1922 gemma
1320 1889 1506 1926 martyrum,

957 1928 1140 1959 Paschalem
1168 1937 1282 1969 agnum

1001 1975 1143 2006 novellus
1165 1984 1262 2015 agnus
1287 1980 1438 2021 sequeris,

961 2020 1009 2051 Tu
1033 2024 1086 2052 tuo
1109 2029 1165 2052 nos
1190 2024 1366 2061 patrocinio

1005 2066 1201 2106 consignatos

954 2112 1012 2145 Pia
1039 2122 1134 2153 prece
1156 2116 1323 2147 mundatos

958 2160 1073 2200 Iungas
1099 2169 1167 2192 cum
1194 2163 1302 2194 electis

1002 2207 1074 2247 agni
1100 2208 1276 2243 comitibus,

288 2285 390 2311 Dium.
422 2293 473 2313 ms.
501 2286 530 2314 S.
557 2286 706 2323 Pancratii
738 2288 770 2314 in
796 2288 986 2317 Hamersleve
1012 2293 1082 2318 anni
1112 2289 1191 2320 1487.
1242 2293 1311 2322 Ood.
1337 2295 1505 2325 Berolinen.

212 2317 239 2363 8]
262 2319 306 2348 56.
327 2321 383 2348 add
402 2330 476 2350 saec.
499 2322 542 2351 15.
553 2338 590 2342 —-
603 2325 660 2353 Die
673 2326 725 2353 Hs.
746 2325 858 2354 enthiilt.
875 2326 1022 2356 natiirlich
1040 2337 1095 2356 nur
1112 2329 1158 2357 die
1170 2331 1253 2359 Teile
1267 2332 1317 2359 der
1334 2341 1357 2360 s.
1370 2343 1398 2370 g.
1414 2335 1505 2363 horae

209 2358 342 2394 diurnae3
364 2367 393 2386 es
413 2360 508 2388 fehlen
530 2362 576 2389 die
595 2360 612 2389 3
632 2363 812 2391 Nokturnen.
