1655 2534
686 113 991 159 —101-‚

176 208 208 240 2.
236 208 365 250 Scitote,
391 208 504 248 inquit,
530 209 694 241 imminere

233 255 311 286 Dies
338 255 525 287 calamitatis
551 258 583 287 et
605 257 763 298 miseriae,

230 301 308 333 Dies
331 303 495 344 ultionum,

234 348 372 388 Tempus
398 349 651 382 retributionum.

176 415 207 446 3.
235 414 350 455 Surget
372 423 447 454 gens
474 418 584 447 contra
608 418 742 456 gentem,

232 461 383 493 Adducet
406 461 559 493 Dominus

233 508 399 548 Populum,
425 509 574 540 malleum

233 555 368 587 Vestrae
393 558 497 596 terrae

280 604 402 634 vectem
420 596 644 637 con‘terentem.

174 668 207 699 4.
233 667 317 699 Dum
341 668 424 708 lapis
449 668 501 700 hic
526 669 697 708 emerserit,

232 714 292 752 Qui
312 723 346 746 se
369 715 463 747 undis
488 716 661 759 immerget,
838 707 879 738 A·

230 761 307 793 Ilico
333 771 396 800 pax
422 762 578 794 bellorum

232 807 422 847 Sanguinem
453 809 624 849 absterget.

174 875 204 906 5.
231 873 416 904 Evenerunt
440 873 573 913 singula,

232 919 318 958 Quae
341 920 503 959 praedixit
528 920 704 961 odulphus,

232 966 274 999 Os
302 975 489 1007 praesagum
515 968 617 999 sancti
641 967 782 1007 spiritus,

231 1013 327 1045 Vates
351 1013 526 1045 Fresonum
550 1014 687 1045 inclitus.
850 1024 866 1056 1

345 1114 391 1141 Ad
413 1115 598 1142 Benedictus.

156 1172 196 1203 A.
228 1171 333 1211 Super
361 1173 478 1204 lectum
505 1173 622 1204 doloris

228 1218 436 1258 Languebant
460 1220 601 1251 membra

228 1313 401 1344 Vocatione
424 1314 485 1345 Dei
510 1314 627 1344 exitum
651 1314 762 1345 mortis

228 1359 438 1398 Operiebatur
459 1360 563 1392 anima
588 1359 690 1402 fortis,

227 1406 305 1437 Post
328 1409 485 1446 sumptam
510 1407 732 1439 eucharistiam

227 1453 329 1485 Exsul
349 1454 459 1485 mundi
836 1455 875 1487 V,

273 1500 373 1531 intrat
398 1501 564 1532 caelestem
587 1500 735 1541 patriam.

838 345 877 376 A.

976 212 1023 243 In
1049 213 1079 243 2.
1105 212 1214 251 Vesp
1228 213 1324 246 eris,

1029 284 1074 311 Ad
1093 284 1271 320 Magnificat.

908 342 1081 381 Assumpta
1106 342 1246 381 Odulphi
1272 343 1377 374 anima

907 389 1141 428 Assumptionis
1166 387 1285 420 fulsere
1309 389 1436 433 indicia,

908 435 991 467 Nam
1001 435 1135 467 hausere
1146 444 1239 467 nares
1252 437 1458 476 superstitum

908 482 1043 515 Odorem
1062 483 1232 522 insolitum,

908 529 1044 561 Odorem
1064 532 1291 569 unguentorum

908 575 959 607 De
981 579 1110 608 nectare
1134 577 1326 616 angelorum.

1070 649 1221 687 Suffragia.

910 707 1050 746 Odulphi
1074 707 1257 739 intercessio

956 753 1074 785 Nostra
1097 754 1140 785 sit
1162 754 1272 795 tutela,

911 800 948 832 In
972 809 1052 840 pace
1078 803 1109 831 et
1131 801 1164 832 in
1186 801 1307 840 proelio

956 847 1010 879 Ad
1034 847 1219 886 repellenda
1242 848 1307 879 tela

1001 893 1170 925 Hominum
1204 897 1235 925 et
1264 895 1458 928 daemonum.

1045 967 1251 1002 Responsoria.

872 1049 880 1056 .
905 1025 1019 1056 Petrae
1043 1024 1224 1055 submersae

906 1071 951 1102 Et
975 1071 1161 1110 emergentis
1185 1079 1244 1109 per
1268 1080 1303 1102 se

907 1117 1072 1157 Odulphus
1098 1118 1250 1149 miraculo

904 1164 1025 1196 Futura
1050 1163 1188 1203 signavit
1211 1165 1338 1205 populo,

835 1211 872 1244 V.
901 1211 1024 1243 Planus
1049 1211 1112 1251 fide
1136 1213 1165 1243 et
1188 1211 1308 1251 spiritu
1332 1216 1453 1246 sancta

277 1264 477 1306 confessoris,
846 1268 877 1299 2.

903 1267 957 1299 Ad
983 1267 1146 1299 decessum
1169 1267 1231 1298 viri
1254 1268 1316 1300 Dei

905 1313 1049 1346 Adfuere
1071 1314 1184 1355 angeli,

907 1361 996 1399 Quod
1018 1361 1167 1400 probavit
1190 1362 1269 1392 odor
1293 1363 1458 1394 suavitatis

905 1407 1047 1439 Artubus
1071 1408 1277 1448 exanimatis3

903 1455 1026 1486 Murra
1062 1458 1091 1486 et
1120 1456 1214 1495 gutta
1246 1457 1275 1486 et
1312 1456 1403 1488 casia
1438 1466 1460 1487 α

904 1501 1098 1533 vestimentis
1122 1502 1201 1533 swz's.

231 1555 349 1590 Antiph.
369 1565 421 1583 ms.
443 1557 631 1584 Traiectense
654 1564 729 1584 saec.
752 1553 794 1584 13.
836 1557 903 1584 Cod.
922 1557 999 1584 Mus.
1020 1556 1115 1584 Germ.
1135 1554 1221 1584 4984.
1236 1572 1273 1577 —
1286 1558 1344 1585 Die
1358 1559 1458 1586 Hand-

157 1594 260 1620 schrift
292 1593 406 1621 scheint
434 1602 487 1621 aus
517 1594 581 1622 <lem
609 1594 781 1621 friesischen
805 1595 920 1622 Anteile
946 1594 998 1621 der
1021 1594 1148 1622 Diocese
1177 1604 1205 1621 u.
1233 1604 1258 1621 z.
1285 1603 1337 1622 aus
1366 1597 1457 1623 vinem

157 1630 458 1659 Norhertiner-Stifte
476 1641 513 1659 zu
533 1634 683 1659 stammen.
724 1632 761 1659 In
781 1632 831 1660 der
852 1630 876 1659 1.
897 1632 1008 1668 Vesper
1028 1632 1079 1659 der
1098 1632 1361 1669 Hymnenanfang:
1386 1634 1457 1668 Ave,

156 1668 304 1704 Odulphe3
324 1669 416 1704 vergl.
435 1670 522 1697 Anal.
542 1670 594 1704 XI,
614 1670 665 1698 Νι·-
688 1667 751 1697 188.

610 1751 655 1782 36.
693 1752 737 1783 De
758 1752 867 1782 sancta
886 1750 1006 1783 Ottilia.

293 1812 337 1843 In
367 1812 395 1844 1.
422 1811 640 1851 Vesperis.

340 1884 434 1921 Super
452 1885 594 1914 Psalmos.

156 1944 194 1978 A.
226 1944 250 1976 O
275 1944 441 1984 praeclara
466 1952 583 1984 sponsa
608 1945 737 1985 Christi,

272 1988 405 2032 insignis
427 1991 547 2032 Ottilia,

226 2039 422 2079 Angelorum
447 2039 635 2080 coaequalis,

271 2089 447 2126 martyrum
472 2087 628 2130 consocia,

226 2133 415 2166 Nostrorum
439 2134 563 2166 resolve

272 2183 475 2221 peccatorum
500 2181 636 2222 vincula,

224 2228 270 2261 Ut
293 2237 350 2260 nos
378 2232 433 2261 tua
457 2237 562 2261 annua

271 2278 471 2308 recensentes
496 2276 661 2309 sollemnia

226 2324 375 2357 Paradisi
399 2324 594 2364 sempiterna

271 2371 489 2405 nanciscamur
512 2372 641 2413 gaudia«

835 1812 874 1846 R.

837 2001 876 2035 V.

836 2229 879 2262 A.

902 1812 1000 1852 Virgo
1027 1812 1146 1845 Christi
1171 1813 1293 1854 Ottilia,

906 1859 1024 1892 Christi
1049 1860 1198 1892 cohaeres
1223 1861 1344 1901 inclita,

908 1906 1039 1946 Semper
1062 1916 1121 1947 pro
1145 1907 1205 1939 tibi
1232 1909 1347 1940 devota

905 1954 1074 1987 Intercede
1097 1953 1229 1995 familia,

906 2002 953 2035 Ut
976 2005 1008 2033 te
1031 2002 1164 2041 praevia

907 2049 996 2081 Caeli
1019 2057 1196 2080 mereamur
1220 2049 1345 2089 gaudia.

1024 2150 1071 2178 Ad
1091 2150 1270 2187 Magnificat.

908 2227 1098 2267 Magnorum
1115 2227 1233 2267 proles,

956 2283 1110 2314 generosa
1136 2277 1301 2307 stemmate
1325 2274 1460 2317 fulgens,

908 2321 1053 2354 Moribus
1079 2322 1201 2354 eximiis

958 2379 1110 2410 superans
1123 2371 1186 2403 iam
1198 2373 1273 2404 vota
1281 2375 1460 2414 parentum,
