1655 2534
686 116 945 152 —265-

231 206 359 250 Nempe
371 219 492 242 nexum
504 214 572 244 tam
580 215 787 256 perplexum,

281 256 349 289 Fer
372 266 478 298 regna
499 259 541 291 ad
568 260 749 303 caelorum,

234 301 282 335 Ut
306 307 416 336 astare
439 306 481 337 ad
507 307 612 338 altare

278 350 450 383 Possimus
475 355 580 384 totum
603 362 749 397 aureum,

234 395 352 429 Funde
376 407 519 441 precem,
544 401 633 440 pelle
650 411 774 444 necem,

278 444 343 477 Pro
368 445 465 479 nobis
491 456 550 479 ora
573 447 691 483 Deum.

295 558 356 590 Ad
380 558 655 594 Matutinum.

367 642 573 671 Invitatorium
578 663 585 670 .

232 707 316 749 Regi
342 719 467 743 summo
494 712 599 751 gloria

281 756 408 789 Invicto
433 761 467 789 et
489 758 595 790 honor
620 758 726 800 detur,

235 801 297 840 Qui
323 806 455 836 sanctos
479 806 515 836 in
538 806 678 838 victoria

280 850 346 882 Hic
370 851 464 883 iuvat
486 855 520 883 et
544 854 665 886 tuetur.

292 963 338 995 In
366 963 396 995 1.
422 963 657 997 Nocturno.

377 1047 572 1083 Antiphonae.

177 1113 208 1144 1.
235 1111 357 1154 Legem
381 1113 446 1145 Dei
470 1115 651 1147 meditatur

281 1160 369 1193 Puro
397 1162 497 1194 corde
521 1162 653 1203 iugiter,

234 1206 280 1239 Ut
285 1208 409 1248 lignum
416 1208 527 1240 virens
535 1208 785 1249 complantatur,

278 1255 362 1286 Fert
373 1256 462 1287 vitae
473 1255 617 1288 fructum
632 1257 783 1290 dulciter.

171 1311 203 1344 2.
229 1310 418 1343 Astiterunt
442 1311 612 1344 Victorino

278 1358 428 1399 Praesul,
454 1360 562 1392 clerus
588 1361 622 1390 et
645 1360 770 1400 populi,

230 1403 378 1437 Laudem
401 1406 458 1438 uni
482 1406 553 1438 Deo
576 1406 662 1439 trino

276 1452 415 1485 Solvunt
438 1453 474 1485 in
495 1462 595 1494 prece
621 1454 742 1486 seduli.

169 1509 200 1540 3.
227 1508 277 1541 Tu
303 1511 477 1549 susceptor
503 1519 538 1542 es
563 1510 738 1551 victorum,

275 1556 401 1588 Invicte
427 1565 528 1597 agens
552 1556 692 1598 proelia,

227 1602 311 1635 Post
334 1606 535 1643 temptamen
560 1604 712 1636 vitiorum

274 1651 341 1683 Fer
365 1651 468 1684 robur
493 1654 528 1683 et
551 1651 684 1684 auxilia.

369 1735 574 1770 Responsoria.

171 1801 199 1832 1.
227 1800 292 1834 Hic
316 1811 383 1834 non
408 1803 511 1835 surda
538 1802 629 1842 capit
654 1812 733 1835 aure

273 1849 376 1882 Sacra
400 1850 589 1891 evangelia:

228 1895 264 1928 Si
288 1898 337 1929 vis
362 1896 531 1939 perfectus
558 1905 642 1938 esse,

272 1945 329 1977 Me
359 1954 500 1985 sequens
526 1944 632 1977 vende
659 1945 777 1987 omnia,

226 1992 326 2025 Genti
349 1992 441 2025 Deus
467 1993 518 2025 sic
540 1991 708 2033 prodesse

268 2039 403 2073 Docens
428 2041 500 2075 vult
524 2039 681 2083 consilia3

151 2086 189 2119 V.
220 2087 327 2129 Super
350 2088 416 2120 mel
443 2091 477 2121 et
502 2088 622 2128 omnia,

231 2134 373 2177 Christe,
399 2138 457 2168 tua
482 2135 614 2176 eloquia

269 2183 477 2215 Dulcescunt
501 2183 552 2215 ori
576 2183 674 2215 intus.

165 2240 196 2271 2.
224 2239 285 2278 Qui
309 2250 370 2281 pro
397 2239 530 2273 Christo
557 2239 696 2272 Domino

269 2288 393 2328 linquit
418 2296 528 2329 agros,
554 2290 688 2328 terram,

222 2334 265 2369 Et
291 2338 429 2376 potente
455 2345 529 2368 cum
553 2335 650 2367 hoste

270 2383 339 2422 agit
361 2382 476 2417 duram
503 2391 665 2424 guerram,

915 215 1000 246 Nam
1023 217 1132 248 castas
1156 214 1241 255 ignit
1264 219 1401 258 mentes,

916 261 978 299 Qui
1002 260 1165 295 formosae
1189 262 1224 295 in
1249 266 1385 304 aspectu

962 308 1117 349 Temptat
1140 316 1286 342 vestrum
1311 311 1407 351 velle,

844 354 882 386 V.
913 355 1059 387 Verbum
1082 356 1177 388 dulce
1201 356 1237 388 in
1262 356 1360 389 affatu

963 402 1107 435 Fraudis
1132 403 1296 442 repletum
1319 402 1408 438 felle.

858 459 889 491 3.
914 457 1047 491 Dudum
1069 460 1173 491 iactus
1199 459 1241 492 de
1266 460 1419 500 supernis

962 506 1001 537 In
1025 505 1157 538 flamma
1182 514 1217 538 es
1240 507 1373 547 Averni,

914 551 1038 584 Tamen
1062 555 1188 584 stratus
1214 556 1289 585 astu
1312 555 1433 585 sternis

960 599 1103 631 Pudoris
1128 599 1194 631 vim
1218 601 1357 640 interni,

915 645 1053 678 Blandit
1075 647 1186 679 iacens
1210 648 1396 687 resupinus,

964 692 1064 726 Casta
1085 702 1151 725 non
1174 694 1267 734 rupit
1289 693 1437 736 foedera,

843 739 883 771 V.
914 739 979 771 Sed
1003 741 1053 772 vir
1077 741 1216 780 simplex
1243 741 1446 773 columbinus

962 786 1083 819 Sensus
1108 788 1238 827 planxit
1262 788 1399 820 scelera.

969 908 1016 939 In
1042 911 1073 941 2.
1099 909 1338 941 Nocturno.

1059 1000 1253 1035 Antiphonae.

857 1067 887 1100 1.
913 1066 1004 1099 Deus
1029 1070 1163 1099 sanctos
1187 1067 1353 1108 mirificat,

911 1114 1039 1146 Probat
1063 1117 1097 1146 et
1122 1114 1291 1154 dignificat

961 1160 1077 1193 Carnis
1103 1164 1180 1202 post
1204 1165 1382 1201 certamen,

912 1207 1061 1241 Exaudit
1086 1218 1147 1240 sua
1173 1210 1281 1248 gratia

910 1254 1076 1287 Iustorum
1100 1254 1274 1297 sacrificia,

957 1302 1163 1343 Accepturus
1190 1302 1248 1335 dat
1272 1304 1428 1336 solamen.

852 1359 884 1390 2.
911 1357 1094 1391 Clamorem
1117 1368 1236 1400 meum,
1262 1359 1412 1401 Domine,

911 1404 1046 1438 Exaudi
1072 1409 1106 1438 et
1130 1415 1149 1437 a
1175 1407 1311 1438 crimine

957 1451 1013 1483 Me
1039 1454 1120 1485 velis
1147 1454 1292 1494 expiare,

911 1498 960 1531 Ut
985 1500 1085 1532 corde
1109 1509 1192 1540 puro
1218 1501 1340 1541 iugiter

910 1546 957 1577 Te
982 1545 1092 1578 Iesum
1119 1555 1232 1580 amans
1258 1548 1401 1580 dulciter

959 1593 1081 1632 Queam
1107 1595 1304 1626 exclamare.

853 1651 885 1683 2.
910 1650 1060 1692 Domine,
1087 1652 1125 1682 tu
1149 1652 1347 1692 praesulem,

910 1696 957 1729 Ut
980 1699 1109 1730 tristem
1132 1697 1242 1731 firmet
1268 1699 1425 1740 exsulem,

958 1744 1154 1778 Consoletur
1178 1744 1323 1787 flentem,

910 1791 1061 1825 Statuisti
1085 1793 1236 1834 provide,

907 1839 955 1871 Te
980 1840 1068 1873 colat
1092 1849 1204 1873 amans
1229 1840 1357 1873 fervide

954 1887 1116 1920 Sollerter
1140 1887 1262 1920 docens
1287 1891 1439 1921 mentem.

1042 1983 1249 2018 Responsoria.

853 2050 883 2082 1.
909 2049 978 2081 Iam
1003 2050 1130 2081 relictis
1157 2049 1264 2090 domo,
1289 2052 1402 2091 patre,

956 2096 1041 2128 Tota
1065 2096 1299 2138 suppellectili,

909 2144 986 2176 Solo
1013 2146 1062 2175 est
1089 2146 1262 2176 contentus
1286 2143 1391 2175 fratre

954 2190 1053 2231 Puro,
1080 2191 1177 2222 valde
1201 2191 1327 2232 humili,

906 2239 1105 2270 Alternatim
1130 2238 1350 2279 obsequentes

954 2285 1064 2319 Servit
1087 2285 1174 2318 alter
1199 2287 1308 2328 alteri,

834 2333 872 2366 V.
904 2333 946 2365 Se
974 2335 1007 2365 et
1032 2342 1108 2365 suas
1136 2333 1249 2367 dicant
1268 2337 1396 2367 mentes

950 2380 1024 2413 Deo
1049 2390 1129 2413 voce
1155 2382 1265 2415 celeri.
