1655 2534
677 92 934 127 —103—

229 186 307 218 Acsi
333 187 442 218 domus
469 190 582 219 cuncta
605 188 700 228 plena
909 187 1046 219 Nostrae
1066 196 1295 227 prosequamur
1319 196 1411 220 voces

277 232 362 265 foret
384 234 588 275 aromatibuS‚
909 234 986 267 Cum
1011 234 1109 265 iubilo
1133 234 1247 266 laudis.

230 280 290 319 Qui
316 281 438 312 dierum
464 284 646 313 octonorum
909 281 934 313 O
959 282 1041 312 alma
1067 280 1184 312 Christi
1207 279 1335 321 famula,

274 327 343 358 illic
365 328 483 359 mansit
505 328 620 366 spatio,
909 327 1020 360 Choris
1046 327 1234 359 caelestibus
1261 328 1378 371 iuncta,

909 375 1122 414 Supernorum
1146 374 1260 406 civium
1284 375 1385 406 amica

298 412 344 444 In
371 412 401 446 2·
428 412 642 451 VesPoris,
909 421 1155 461 Sanetorumque
1179 421 1314 452 omnium
1339 426 1434 463 socia,

348 476 395 503 Ad
413 476 591 513 Magnffieat.
910 469 1078 501 Intercede
1101 468 1142 500 ad
1159 467 1262 499 Deum
1281 477 1340 508 pro
1356 468 1458 508 nobis,

159 526 199 556 A.
230 523 347 556 Sancta
370 525 541 564 praeconia
565 525 739 556 recolentes
910 515 956 547 Uf‘
981 518 1085 546 tecum
1108 523 1285 547 mereamur

231 572 440 604 Venerandae
465 572 595 605 Ottiliae
910 562 1037 593 Ascribi
1058 562 1092 593 in
1118 562 1222 594 caelis·

234 646 318 673 Brev.
345 654 398 672 ms.
426 653 499 672 saec.
527 643 571 673 15.
596 645 667 673 Cim.
692 646 844 673 Monacen.
871 643 977 673 24006.
997 645 1032 672 A.
1058 658 1094 664 —-
1116 645 1201 672 Brev.
1231 653 1283 672 ms.
1312 645 1458 673 Carmelit.

158 685 229 711 anni
250 681 331 711 1464.
374 683 444 710 Cod.
464 684 654 719 Bambergen.
673 683 728 710 Ed.
748 683 806 710 VII
824 681 870 710 36.
890 683 923 710 B.
943 698 980 702 —
997 683 1101 710 Diurn.
1122 691 1175 710 ms.
1188 683 1363 710 Pataviense
1390 691 1459 709 *aem

157 719 202 748 14.
224 721 296 748 Olm.
316 721 467 748 Monacen.
492 718 598 748 11013.
619 720 650 748 C.
665 735 702 739 ——
722 721 854 748 Viatieus
867 721 1026 748 Misnensis
1048 721 1118 755 imp.
1134 721 1251 756 Lipsiae
1275 718 1347 747 1502
1362 720 1400 747 D.
1423 734 1459 739 —

159 760 241 786 Brev.
267 759 416 785 Misnense
441 759 509 793 imp.
535 758 676 793 Lipsiae?
704 756 786 785 1517.
813 758 848 785 Ε.
944 758 986 785 In
1019 756 1043 784 1.
1068 758 1172 794 Vesp.
1200 757 1293 793 Super
1317 758 1364 785 Ps.
1385 756 1422 790 Α,
1441 756 1461 784 4

158 797 309 823 consorcia
319 793 356 830 Α;
376 804 405 823 es
417 795 516 831 fulgen
531 796 607 822 noch
620 794 640 822 4
648 796 816 830 prosaisohe
826 793 883 821 ΑΑ.
895 810 911 814 -
921 810 931 814 -
943 795 996 822 Ad.
1007 796 1105 830 Magn.
1117 793 1148 829 Α,
1160 793 1177 822 2
1188 798 1368 823 stemmatum
1382 795 1412 822 C.
1428 810 1459 813 —

160 831 204 859 33
218 835 251 860 in
272 833 349 860 allen
363 831 380 861 3
394 833 477 861 Noct.
492 833 651 867 prosaiseh.
667 847 701 850 —
715 833 756 859 In
768 833 876 859 Laud.
891 833 928 859 ad
942 833 1047 860 Bened.
1062 832 1093 866 Α,
1109 830 1127 860 8
1145 834 1240 868 spatio
1254 834 1362 860 mansit
1376 832 1407 859 C.
1423 847 1460 851 -

156 871 267 898 Hierzu
286 871 333 898 die
353 870 489 905 Hymnen
508 870 593 897 Anal.
612 870 664 903 IV,
685 870 735 897 Nr.
756 867 812 897 408
831 870 892 896 und
910 868 976 897 409.

618 987 664 1019 37.
692 988 736 1018 De
754 987 862 1018 saneto
883 986 1000 1018 Ottone.

289 1069 336 1100 In
362 1068 392 1101 1.
420 1067 641 1108 Vesperis.
971 1066 1017 1098 In
1043 1066 1074 1098 1.
1097 1065 1328 1099 Nocturno.

158 1144 196 1177 R.
228 1144 253 1176 O
278 1152 424 1183 magnum
450 1145 481 1173 et
506 1142 753 1184 memorandum⁷
1051 1149 1247 1184 Antiphonae.

230 1191 255 1223 Ο
283 1198 355 1222 vere
379 1189 507 1221 beatum
533 1189 645 1228 virum,

231 1238 326 1270 Cuius
356 1239 444 1268 tanta
467 1236 624 1268 industria

231 1284 348 1316 Sancta
373 1283 474 1314 crevit
498 1283 641 1322 eeclesia,

230 1331 289 1371 Qui
316 1330 441 1362 Christo
466 1330 601 1362 Domino
626 1338 737 1361 novam

230 1378 386 1410 Lucratus
413 1379 461 1408 est
483 1376 646 1409 familiam.

160 1425 196 1457 V.
225 1424 379 1464 Operibus
410 1433 572 1456 manuum
599 1424 667 1455 eius
690 1423 780 1454 bem-
850 1421 882 1453 2.
906 1418 971 1450 Hic
992 1418 1033 1449 ad
1060 1418 1236 1457 exemplum
1260 1420 1440 1449 sanctorum

229 1471 311 1503 dimit
332 1471 505 1503 Dominus.
905 1465 1017 1497 Facies
1042 1465 1223 1496 animalium

909 1512 1057 1545 Imitatur
1083 1512 1265 1543 caelestium

905 1559 1079 1591 Assumens
1104 1567 1224 1598 pennas
1250 1558 1411 1591 virtutum.

873 1644 880 1652 .
908 1621 1067 1660 Spernens
1091 1620 1202 1652 mundi
1224 1619 1395 1652 vanitatem

907 1669 971 1700 Per
995 1666 1101 1707 fidem,
1125 1676 1224 1707 spem,
1249 1666 1413 1698 caritatem

907 1715 1027 1754 Iugiter
1053 1715 1153 1747 erevit
1176 1715 1209 1746 in
1234 1714 1346 1752 Deum,

909 1762 1067 1794 Summam
1087 1770 1219 1801 sperans
1235 1761 1459 1801 praemiorum.

853 1215 882 1247 1.
906 1216 957 1248 Ex
981 1216 1079 1248 nobili
1101 1216 1252 1256 prosapia

910 1263 1028 1295 Genuit
1051 1262 1129 1295 felix
1155 1263 1269 1295 Suevia

909 1310 1065 1350 Ottonem‚
1091 1310 1153 1341 Dei
1175 1310 1278 1350 gratia

909 1358 1006 1396 Quem
1030 1357 1131 1388 nutrit
1155 1356 1195 1388 ab
1219 1355 1364 1389 infantia.

351 1546 397 1573 Ad
416 1544 595 1580 Magnificat.

158 1606 197 1637 A.
228 1603 339 1636 Gloria
363 1606 552 1645 sanctorum,
850 1622 869 1654 3

276 1652 359 1691 Iesu,
385 1659 469 1690 spes,
494 1650 561 1681 vita
584 1652 719 1688 tuorum,

229 1698 325 1730 Cuius
350 1697 478 1729 suffulta
502 1696 604 1737 gratia

230 1744 357 1776 Gaudet
379 1744 474 1776 beata
493 1744 598 1775 anima

229 1792 279 1824 Pii
306 1792 463 1831 praesuiis
488 1791 611 1823 Ottonis

230 1839 377 1871 Aeternis
403 1839 504 1870 ditata
527 1838 628 1879 bonis,
1045 1846 1253 1881 Responsoria.

227 1887 342 1919 Annue
367 1886 448 1918 votis
472 1886 652 1926 supplicum

226 1935 392 1967 Pastorem
416 1933 643 1975 venerantium,

228 1982 253 2015 Ο
278 1990 398 2014 summe
421 1981 571 2022 princeps
594 1983 767 2021 pastorum.

851 1915 882 1947 1.
909 1914 1012 1947 Claris
1038 1916 1125 1945 ortus
1149 1913 1309 1945 natalibus

908 1962 982 1994 Otto
1006 1961 1135 2002 praesul
1157 1960 1363 2002 venerandus,

906 2009 1075 2049 Religiosis
1100 2008 1223 2041 actibus

287 2078 318 2109 A
329 2077 349 2109 d
378 2077 415 2109 M
424 2079 495 2111 atu
504 2076 538 2107 ti
547 2086 568 2107 n
577 2085 597 2107 u
606 2085 637 2107 m
909 2057 1030 2089 Ornare
1054 2055 1176 2087 studuit
1199 2062 1275 2085 suae

908 2103 1093 2135 Nobilitatis
1118 2102 1245 2140 lineam,

363 2151 578 2179 Invitatorium.
837 2151 876 2183 V.
908 2150 1021 2183 Gratia
1046 2148 1164 2181 Christi
1188 2149 1380 2188 praeventus

224 2210 402 2251 Pervigiles
425 2209 460 2240 jn
484 2208 632 2241 laudibus
909 2197 1035 2230 Divinis
1059 2196 1154 2228 rebus
1178 2196 1329 2228 intentus

225 2258 361 2290 Domino
386 2257 587 2297 exsultemus,
850 2256 883 2289 2.
906 2254 1086 2294 Religiosus
1111 2256 1143 2284 et
1166 2253 1237 2293 pius

227 2306 286 2345 Qui
310 2305 397 2346 pium
421 2308 546 2345 patrem
572 2304 720 2337 Ottonem
908 2302 993 2334 Puer
1017 2301 1173 2342 gravitate
1196 2309 1319 2332 morum

228 2353 323 2388 Suam
348 2353 439 2387 duxit
460 2352 494 2386 in
513 2352 664 2395 requiem.
910 2349 1061 2382 Crescens
1086 2348 1120 2380 in
1144 2349 1247 2381 virum
1271 2346 1448 2388 perfectum
