1655 2534
630 140 678 146 ——-
726 120 793 157 125
845 144 886 148 —

479 212 528 244 45.
557 212 592 244 In
613 213 833 245 Translationo
853 222 877 245 s.
896 212 987 244 Pauli
1006 213 1040 245 E.

253 281 296 312 In
327 280 357 312 1.
382 282 600 320 VesperiS.

296 343 389 380 Super
404 345 549 374 Psalmos.

113 392 154 424 A.
185 392 300 424 Inclite
325 392 488 425 confessor

231 438 360 479 Christi,
387 441 586 473 sanctissime
610 442 717 483 Paule,

182 485 248 524 Quo
276 487 356 518 duce
379 486 532 527 perfectis

232 535 366 572 patuere
390 534 517 567 silentia
541 536 632 570 ruris..

181 579 258 620 Fac,
284 583 416 620 pateant
439 582 550 614 humili

234 627 384 659 caelestia
405 629 518 661 limina
539 629 638 668 plebi,

183 674 270 713 Quae
294 674 354 706 tibi
379 676 550 716 condignos

233 721 391 761 depromit
414 722 519 754 laudis
543 723 688 755 honoreS.

145 803 151 809 .
182 777 325 817 Pangite,
354 778 573 818 christigenae,

230 823 377 865 Domino,
403 833 462 864 pro
489 826 575 859 cuius
600 835 707 858 amore

184 869 369 911 Stemmata,
398 871 525 903 divitias

231 919 425 957 contempsit
440 918 557 950 Paulus
580 921 612 949 et
627 918 732 958 urbes,

185 964 294 997 Gessit
319 967 351 995 et
373 965 406 996 in
430 966 526 997 terris

233 1014 351 1043 castam
376 1012 445 1043 sine
471 1012 600 1044 crimine
625 1014 721 1044 vitam

183 1058 326 1090 Transiit
350 1059 392 1090 ad
417 1067 549 1098 superos

228 1106 330 1137 multa
353 1106 473 1137 virtute
497 1114 655 1146 coruscus,

144 1178 151 1185 .
182 1152 271 1183 Inter
295 1152 485 1191 apostolicos

230 1202 337 1231 coetos
352 1199 534 1239 nitidosque
550 1200 732 1238 prophetas.

725 1038 732 1055 ²

303 1272 348 1299 Ad
368 1272 546 1307 Magnificat.

144 1354 150 1361 .
183 1329 279 1362 Clara
303 1333 503 1362 recensentes

231 1376 373 1409 Thebaei
397 1378 568 1417 praeconia
593 1376 692 1417 Pauli,

185 1424 321 1463 Christe,
347 1424 413 1455 suis
436 1424 558 1455 meritis

230 1471 322 1503 nobis
345 1471 506 1511 miserere,
531 1479 708 1511 precamur,

179 1518 233 1556 Ut,
260 1526 338 1558 quos
364 1518 507 1557 exemplo

234 1565 340 1597 docuit
358 1568 558 1598 contemnere
569 1565 730 1603 mundum,

181 1611 313 1645 Efficiat
335 1613 461 1652 patriae

234 1660 446 1692 conscendere
470 1668 568 1699 regna
591 1659 711 1691 beatae.

245 1754 306 1785 Ad
331 1738 596 1785 Matutinum.

319 1818 534 1846 Invitatorium.

181 1866 262 1906 Regi
287 1876 444 1906 supremo,

228 1913 356 1958 fratres,
383 1914 551 1947 iubilemus
578 1917 718 1954 ovanteS,

182 1960 242 1999 Qui
266 1961 379 1994 tribuit
402 1962 498 1994 vitam

229 2010 328 2042 Paulo
341 2019 437 2049 super
449 2012 536 2041 astra
547 2017 729 2050 perennem.

241 2104 286 2136 In
313 2104 344 2138 1.
371 2104 428 2137 No
439 2106 599 2136 cturn0.

322 2179 515 2215 Antiphonae.

122 2236 154 2269 1.
178 2236 235 2269 Lis
261 2239 330 2273 erat
354 2237 502 2278 antiquis,

225 2285 346 2324 primus
372 2284 532 2317 habitator
558 2285 655 2315 eremi

179 2331 239 2370 Qui
264 2331 358 2373 foret,
386 2335 419 2364 at
442 2335 569 2371 patrum

224 2380 320 2412 modo
344 2389 405 2420 par
428 2379 585 2412 sententia
611 2379 709 2412 Paulo

861 284 949 315 Inter
974 283 1158 315 eremicolas

907 330 1026 369 primos
1054 330 1199 362 decernit
1221 331 1365 363 honores.

831 413 837 419 .
861 386 926 418 Hic
948 386 1091 425 locuples
1117 386 1229 425 opibus

908 434 1094 472 generisque
1107 435 1281 473 propagine
1295 434 1408 474 claruS,

861 480 981 511 Doctus
1007 482 1038 511 et
1061 480 1212 520 ingenuas

908 529 993 558 artes
1020 528 1052 557 et
1074 525 1153 558 flore
1176 527 1323 559 iuventae

861 573 1063 615 Splendidus,
1089 574 1123 605 in
1149 573 1308 605 Christum

909 620 989 653 miro
1010 618 1167 660 flagrabat
1190 629 1306 653 amore.

828 699 835 706 .
863 677 976 709 Omnia
999 676 1095 717 plena
1120 677 1199 709 dolis

907 724 1122 763 scelerumque
1146 723 1264 756 infecta
1285 732 1406 756 veneno

861 772 944 802 Acta
967 772 1079 803 videns
1103 771 1264 803 hominum

908 816 990 857 fugit
1015 817 1172 849 consortia
1195 817 1290 858 vulgi,

862 865 909 897 Ut
933 863 1060 895 Christo
1083 866 1171 895 tutus

906 911 1011 941 tacitis
1036 911 1171 942 serviret
1194 911 1228 942 in
1252 911 1362 943 antris.

999 983 1206 1019 Responsoria.

827 1065 834 1072 .
861 1040 1010 1079 Magnum
1036 1048 1114 1079 opus
1141 1042 1188 1070 est
1215 1040 1309 1071 duras

907 1096 965 1126 pro
992 1087 1111 1119 Christi
1138 1087 1265 1118 nomine
1288 1096 1407 1126 poenas

861 1134 1089 1173 Interitumque
1113 1133 1190 1173 pati,

910 1181 1009 1212 virtus
1050 1183 1154 1212 tamen
1187 1180 1273 1212 haud
1307 1180 1411 1212 minor

1191 1227 1314 1259 hostem

863 1274 998 1305 Vincere
1021 1276 1191 1305 tartareum
1219 1276 1251 1305 et

910 1321 1013 1352 carnis
1038 1321 1186 1352 cohibere
1210 1319 1346 1353 furorem

860 1370 967 1407 Atque
990 1368 1044 1399 diu
1067 1368 1152 1399 vitae
1174 1367 1330 1408 integrum

907 1423 1036 1446 servare
1059 1415 1205 1455 rigorem,

822 1487 829 1494 .
857 1463 1011 1500 Prompta
1029 1462 1106 1492 licet
1127 1461 1227 1493 Paulo

909 1506 969 1539 fuit
993 1508 1034 1541 ad
1058 1510 1216 1540 tormenta
1240 1507 1395 1540 voluntas.

827 1590 834 1597 .
859 1565 1000 1597 Delicias
1026 1565 1106 1595 caeli

910 1612 1020 1644 sitiens
1046 1610 1224 1652 frugalibus
1250 1610 1330 1642 escis

861 1660 1008 1692 Pascitur
1033 1662 1065 1690 et
1087 1658 1199 1698 populi

908 1707 1060 1746 strepitus
1084 1706 1244 1745 urbesque
1267 1713 1400 1745 perosus

861 1753 952 1787 Curis
977 1753 1108 1785 abiectis

907 1799 1025 1833 fruitur
1051 1800 1218 1832 dulcedine
1244 1798 1334 1840 caeli,

820 1874 827 1881 .
859 1849 1001 1887 Corpore
1024 1856 1083 1888 per
1106 1851 1219 1888 terras,

907 1896 1011 1927 animo
1036 1899 1182 1928 versatur
1204 1895 1237 1926 in
1262 1894 1367 1928 astris

829 1978 836 1985 .
862 1953 1019 1985 Antonius
1043 1952 1141 1983 simili

907 2000 1012 2031 studio
1035 2001 1102 2030 tum
1127 2007 1202 2031 rura
1227 1997 1352 2030 colebat

860 2047 1017 2087 Proxima,
1042 2047 1092 2077 cui
1116 2045 1220 2077 subito

908 2094 1037 2125 veniens
1061 2102 1124 2126 vox
1142 2092 1274 2124 caelitus
1290 2091 1410 2131 inquit:

862 2142 956 2173 Alter
980 2141 1014 2172 in
1037 2140 1099 2172 hac
1123 2139 1236 2171 melior

906 2188 1028 2228 primus
1053 2186 1198 2219 considet
1219 2195 1335 2227 eremo,

857 2236 952 2268 Cuius
977 2235 1018 2267 ad
1045 2233 1222 2274 exemplum

905 2282 1025 2323 poterit
1052 2284 1108 2313 tua
1133 2289 1275 2314 crescere
1298 2281 1410 2322 virtus,

792 2331 827 2365 V.
858 2331 949 2364 Illius
970 2329 1092 2370 ignotas

906 2376 1000 2410 iubeo
1025 2380 1057 2409 te
1081 2385 1234 2417 quaerere
1257 2377 1361 2409 sedes.
