1655 2534
174 198 253 231 Cum
277 199 432 232 transfert
451 201 485 231 in
509 201 658 240 Apuliam

220 247 345 280 Nicolai
370 247 573 287 praesidium.

117 324 149 336 -.
177 303 315 336 Exortus
342 307 388 335 est
413 303 446 334 in
471 303 611 335 tenebris

220 351 304 383 Baro
332 351 456 382 divinus
478 349 599 391 radius,

175 397 261 429 Vere
286 397 352 430 dies
376 397 430 428 hic
456 397 589 429 celebris

221 445 338 485 Fulget
360 444 393 475 in
421 452 457 475 ea
482 444 621 478 MadiuS.

141 525 148 532 .
176 501 204 531 A
229 501 306 532 solis
330 503 403 532 ortu
426 500 540 532 teritur

223 547 291 579 Nec
315 556 377 579 non
402 546 441 579 ab
468 546 641 586 occidente,

176 594 245 633 Qua
268 595 385 626 Barum
411 594 463 625 via
484 593 628 634 pergitur

225 642 323 674 Goetu
346 645 412 673 toto
438 641 581 673 ducente.

141 722 149 730 .
175 697 331 736 Laudate,
359 697 463 729 cuncti
486 696 607 737 populi,

224 744 287 776 Dei
310 744 571 782 misericordiam,

176 790 240 823 Sed
264 791 448 830 ampliorem
475 789 574 829 Apuli

224 837 292 870 Deo
321 836 464 870 referant
487 836 630 876 gratiam.

295 910 340 938 Ad
358 909 536 947 Magnificat.

141 994 146 999 .
176 968 270 1000 Felix
293 968 421 1009 Apulia,

223 1014 301 1047 felix
327 1017 359 1046 et
382 1015 511 1054 Barum,

179 1061 273 1094 Felix
296 1071 376 1101 quae
402 1061 542 1092 contines

224 1109 405 1141 thesaurum
432 1116 548 1148 carum,

177 1155 235 1193 Qui
260 1155 356 1187 nullis
381 1155 523 1187 creditur

225 1204 463 1242 terrigenarum.

241 1316 302 1347 Ad
326 1315 590 1346 Matutinum.

314 1388 526 1416 Invitatorium.

178 1446 241 1479 Uni
264 1447 335 1479 Deo
360 1451 393 1478 et
416 1446 552 1486 simplici

227 1493 337 1525 Gloria
360 1494 403 1525 sit
426 1496 520 1533 atque
544 1493 623 1534 laus,

178 1541 275 1580 Quem
301 1544 371 1572 orat
395 1548 472 1573 voce
495 1541 633 1581 supplici

225 1587 319 1620 Stans
343 1588 375 1619 in
402 1588 489 1620 eaelo
514 1588 675 1620 Nicolaus.

267 1692 313 1723 In
338 1691 526 1723 Nocturn
539 1699 568 1723 0.

322 1766 516 1802 Antiphonae.

145 1848 151 1855 .
178 1824 276 1856 Velut
297 1824 417 1856 incisus
442 1823 600 1856 balsamus

224 1871 416 1903 Profuderat
439 1871 606 1912 liquorem,

177 1918 242 1957 Quo
265 1919 412 1951 veniente
435 1918 592 1950 thalamus

224 1967 406 2007 Fugaverat
428 1966 593 2005 pudorem.

143 2051 150 2058 .
177 2022 278 2067 Nunc,
305 2032 405 2064 reges,
430 2023 609 2064 intelligite,

222 2071 445 2105 Praesidentes
471 2071 623 2112 ecelesiis,

175 2117 331 2160 Exemplo
355 2119 447 2150 huius
473 2118 558 2158 agite

221 2166 383 2199 Relevatis
406 2166 535 2205 inopiis.

141 2246 148 2253 .
177 2222 332 2263 Clemens,
357 2223 502 2263 pudicus,
529 2222 657 2255 humilis

223 2271 313 2303 Nulli
337 2271 445 2302 nocuit
468 2271 605 2311 penitus,

175 2318 303 2351 Cunctis
328 2317 432 2351 factus
457 2317 612 2359 amabilis,

222 2365 354 2399 Praesul
383 2365 487 2398 factus
510 2369 558 2397 est
584 2366 726 2398 caelitus.

727 105 865 140 83—

986 201 1191 235 Responsoria.

794 267 826 299 1.
851 266 975 299 Tumba
999 265 1162 299 confracta.
1183 268 1348 300 marmoris

900 313 985 346 Mira
1009 314 1118 354 prodit
1140 312 1325 355 fragrantia,

850 361 900 393 De
924 360 1065 401 reliquiis
1091 361 1232 399 corporis

900 405 1047 448 Liquoris
1070 405 1141 439 fluit
1166 408 1266 449 copia,

853 454 938 493 Quae
962 454 1048 486 nullo
1074 462 1167 486 cursu
1191 456 1345 494 temporis

895 500 1143 541 Interrumpitur
1167 503 1280 541 gratia.

784 547 822 579 V.
851 548 1013 587 Fragrans
1037 548 1135 580 odore
1158 549 1254 581 nimio

899 595 959 634 Qui
983 593 1162 635 praefulges
1187 596 1315 639 honore,

855 642 986 674 Pietatis
1010 640 1165 682 profluvio

901 688 1015 721 Manas
1039 687 1139 721 fluens
1164 690 1297 730 liquore.

796 746 828 777 2.
853 745 938 777 Dum
963 746 1061 777 distat
1083 746 1173 778 navis

900 792 973 830 plus
998 801 1090 832 quam
1117 793 1259 826 ducentis

853 838 994 880 Mihbus,
1020 847 1108 870 mare

900 883 1033 917 fluctuat
1057 886 1159 916 ventis

854 931 995 963 Artubus
1020 932 1119 963 sacris

901 976 1012 1009 furtim
1035 977 1168 1009 retentis

901 1024 950 1056 De
974 1032 1106 1063 corpore
1132 1024 1278 1066 demptis,

783 1071 822 1103 V.
851 1071 920 1103 Nec
943 1072 1052 1104 valent
1073 1071 1135 1104 iter

900 1118 1021 1150 habere
1044 1120 1156 1158 tutum,

856 1165 890 1197 Si
916 1164 1038 1198 feratur
1063 1173 1131 1197 cor-

902 1221 962 1252 pus
988 1212 1185 1245 diminutum.

799 1270 829 1301 3.
853 1268 943 1307 Quod
967 1278 1028 1300 non
1055 1268 1137 1300 desit

902 1315 968 1347 ulla
993 1315 1161 1355 particula,

856 1362 962 1395 Sacris
986 1362 1134 1393 membris

902 1411 1078 1442 monstrant
1104 1409 1266 1451 miracula,

857 1456 1019 1488 Visionum

904 1506 991 1534 certa
1013 1503 1142 1534 oracula

905 1550 977 1581 Veri
1004 1552 1077 1581 sunt
1099 1549 1226 1589 patula,

784 1598 823 1632 V.
853 1597 900 1630 Ut
923 1596 1058 1629 satisfiat
1082 1596 1175 1629 anxio

902 1644 989 1677 Dens
1013 1644 1123 1685 prodit
1147 1652 1216 1675 cum
1241 1644 1372 1684 liquore,

855 1691 906 1725 Ne
928 1690 986 1723 fiat
1010 1691 1187 1730 diminutiO,

904 1738 1013 1771 Sancti
1038 1739 1196 1770 clauditur
1220 1747 1284 1771 ore.

950 1881 996 1913 In
1020 1880 1249 1913 Laudibus.

999 1964 1194 2000 Antiphonae.

799 2023 831 2056 1.
857 2023 958 2056 Maris
985 2023 1121 2055 elatione

903 2070 1029 2102 Nautae
1052 2068 1131 2101 facti
1154 2069 1270 2112 territi,

857 2117 1004 2158 Liquoris
1029 2115 1153 2148 fusione

906 2164 954 2197 De
977 2163 1062 2196 furto
1088 2166 1162 2195 sunt
1184 2162 1314 2202 proditi.

799 2223 831 2256 2.
859 2221 999 2254 Currant
1022 2228 1114 2252 senes
1139 2228 1209 2251 cum
1229 2222 1372 2261 parvulis

903 2268 942 2302 In
967 2267 1187 2308 exsultatione,

856 2315 966 2348 Sancti
990 2318 1160 2347 occurrunt
1182 2315 1299 2349 baiulis

904 2363 990 2396 Mira
1016 2363 1192 2397 devotione.

1195 2418 1238 2448 6*
