1655 2534
680 131 915 169 -99-

164 229 196 260 4.
222 226 421 260 Benedicent
443 227 476 260 in
497 231 633 269 patrona
844 232 875 263 5.
902 229 1036 261 Sanctae
1059 229 1120 261 Dei
1145 228 1357 268 exsultabunt,

217 274 319 307 Deum
346 278 467 318 cuncta,
496 285 563 307 cum
591 285 705 309 corona
896 278 997 309 Laeta
1024 280 1128 308 mente
1153 285 1244 310 voces
1269 277 1398 318 dabunt,

218 321 313 353 Hanc
338 323 462 354 ornavit
487 326 619 362 propter
644 324 727 355 bona
901 323 1018 364 Regem
1048 332 1152 363 regem
1179 324 1403 355 collaudabunt

269 369 424 401 Virtutum
451 369 657 402 innocentiae.
947 370 1050 402 Filiae
1072 371 1269 409 prudentiae.

220 423 310 450 Psalt.
342 431 394 450 ms.
421 423 596 451 Alemnense
624 432 698 452 saec.
729 423 771 452 15.
823 423 891 453 Ood.
920 424 948 452 S.
973 425 1053 452 Petri
1079 425 1271 453 Boscoducen.
1306 434 1328 452 s.
1355 433 1384 451 n.
1412 440 1448 444 —

145 461 185 487 111
215 459 239 486 1.
260 461 360 488 Noet.
383 459 402 485 R
428 459 453 494 1,
474 459 491 489 2
512 465 626 489 sonant.
657 478 694 483 —-
718 462 759 489 In
783 460 811 489 2.
830 463 931 490 Noct.
954 460 974 488 R
998 461 1022 495 1,
1043 460 1059 489 6
1080 463 1177 490 Malae
1203 463 1314 498 culpae.
1390 463 1447 490 Die

149 496 196 523 ΑΑ
217 497 254 524 ad
273 497 380 525 Bened.
401 498 461 525 und
483 500 519 526 atl
539 499 637 534 Magn.
658 501 690 527 in
710 497 735 525 2.
749 500 837 535 Vesp.
862 500 927 526 sind
947 500 1105 535 prosaisch.
1145 501 1202 528 Die
1226 509 1292 527 zum
1313 498 1447 528 Offizium

148 535 307 571 gehfirigen
327 536 389 563 drei
403 536 540 571 Hymnen
558 537 649 573 vergl.
667 537 752 564 Anal.
771 537 881 570 XXIH,
902 535 957 564 250
970 537 997 564 ff.

593 618 638 649 35.
669 619 711 649 De
732 619 837 649 sancto
859 617 1006 659 odulpho.

288 678 329 708 111
356 678 386 710 1.
414 677 630 717 Vesperis.
894 678 951 710 Cui
977 678 1141 718 Odulphus
1170 679 1287 719 gaudet

328 740 422 776 Super
441 741 583 769 Psalmos.
941 729 1102 757 aeternum
1126 726 1293 759 modulari.

161 789 190 820 1.
215 788 358 819 Militans
385 788 511 820 Christo
537 791 672 822 ecclesia

214 833 319 865 Ducat
333 843 402 866 cum
416 835 630 875 triumphante
638 836 763 877 gaudia,

214 880 320 921 Auget
342 890 415 913 nam
440 890 604 914 numerum
1036 892 1230 928 Antiphonae.

259 937 466 968 supernorum

213 975 388 1014 OdulphuS,
415 976 544 1007 coheres
569 979 757 1015 sanctorum,

213 1022 275 1053 Pro
300 1022 420 1054 meritis
444 1023 587 1054 laborum

213 1069 384 1100 Possidens
409 1072 518 1108 portas

259 1115 457 1147 inimicorum
485 1124 621 1149 suorum.

146 1172 185 1204 R.
216 1171 312 1203 Miles
338 1171 453 1204 Christi
479 1172 624 1212 gloriose,

261 1218 408 1258 Odulphe
432 1218 638 1260 sanctissime,

213 1265 282 1296 Tuo
307 1266 360 1305 pio
385 1265 565 1298 interventu

263 1313 371 1352 culpas
395 1316 520 1344 nostras
544 1313 647 1353 ablue,

146 1360 183 1392 V.
214 1359 261 1391 Ut
285 1359 428 1390 caelestis
452 1359 541 1400 regni
563 1361 670 1392 sedem

256 1407 417 1438 valeamus
442 1406 604 1439 scandere.

959 819 1004 850 In
1032 819 1060 850 1.
1088 819 1316 851 Nocturno.

835 948 865 980 1.
893 947 987 979 Clara
1011 946 1095 979 fudit
1118 949 1267 987 prosapia

940 994 1119 1033 odulphum
1146 994 1365 1033 confessorem,

892 1040 1043 1072 Laturum
1068 1051 1124 1073 suo
1146 1042 1253 1081 generi

938 1089 1165 1127 permaximum
1189 1088 1343 1122 decorem.

836 1146 867 1177 2.
892 1143 1047 1176 Renatum
1072 1153 1155 1184 aqua
1179 1147 1211 1175 et
1234 1147 1349 1184 spiritu

940 1192 1105 1230 praevenit
1135 1192 1208 1224 diva
1232 1193 1344 1233 gratia,

892 1237 955 1269 Per
979 1246 1070 1277 quam
1094 1238 1283 1278 proficiebat

936 1288 1040 1316 aetate
1065 1288 1098 1316 et
1120 1285 1287 1325 sapientia.

834 1341 864 1372 3.
890 1339 993 1372 Datur
1020 1342 1171 1381 puerulus

937 1387 1040 1419 literis
1072 1388 1197 1419 doctum
1222 1388 1272 1430 iri,

890 1432 1072 1466 Infunditur
1097 1435 1261 1467 desursum

332 1479 378 1507 Aa
396 1480 574 1515 Mag-nificat.
890 1481 921 1511 A
944 1483 1038 1520 patre
1060 1482 1211 1513 luminum

141 1530 182 1562 A,
213 1526 381 1559 Confessor
405 1527 532 1560 Domini
558 1528 733 1568 OdulphuS,
936 1528 1054 1567 ingenii
1079 1537 1209 1560 acumen
1233 1530 1317 1564 miri,

212 1574 330 1606 Summi
353 1583 469 1615 praeco

257 1622 341 1661 regis
367 1622 649 1662 constantissimus,
1025 1611 1232 1647 Responsoria.

210 1668 248 1699 In
274 1668 462 1719 caelestibus
487 1670 592 1710 regnis
618 1668 735 1701 fruitur
832 1678 862 1710 1,
891 1676 978 1710 celto
1003 1686 1118 1719 genere
1143 1680 1304 1723 oriundus,

209 1714 320 1760 Gloria
343 1716 424 1747 luc1s
449 1718 630 1758 perpetuae,
888 1724 998 1757 Mente
1023 1728 1055 1756 et
1078 1729 1151 1758 actu
1172 1727 1307 1759 mundus

210 1762 308 1800 Quam
333 1762 450 1793 mundo
474 1763 604 1795 1ueerna
890 1771 1022 1805 Ornavit
1046 1774 1213 1812 pueritiam

210 1808 400 1841 Indefieiens
426 1809 522 1841 verbo
891 1818 1055 1859 odulphus

208 1855 405 1888 Ministravit
430 1859 461 1887 et
483 1864 595 1896 opere3
935 1876 994 1906 per
1017 1875 1140 1899 morum
1164 1868 1310 1908 gratiam,

211 1904 365 1935 sacerdos
390 1903 460 1942 Dei,
489 1904 643 1944 Odulphe,
818 1912 855 1946 V.
885 1912 1069 1946 Serviturus
1093 1914 1238 1947 Domino
1263 1915 1300 1947 in
1321 1915 1440 1947 semeti-

209 1951 272 1982 Pro
299 1951 390 1983 nobis
414 1951 538 1983 miseris
563 1952 736 1992 intercede,
891 1961 956 1993 tate
981 1964 1010 1993 et
1032 1961 1159 1994 iustitia
1181 1971 1292 1995 coram
1314 1963 1394 2003 ipso.

209 1998 255 2030 Ut
279 2001 311 2030 et
334 2007 391 2031 nos
416 2001 469 2030 tuo
834 2009 865 2040 2.
890 2008 1015 2041 Felices
1038 2010 1257 2049 progenitores

254 2047 470 2087 pertingamus
495 2045 653 2087 suffragio,
938 2059 1046 2088 tantae
1070 2057 1170 2096 prolis

210 2094 277 2131 Quo
301 2096 333 2125 te
358 2093 500 2126 veritatis
889 2103 1025 2135 Tantam
1048 2103 1171 2142 prolem

255 2140 407 2180 perduxit
432 2140 598 2173 confessio.
937 2151 1070 2182 tradunt
1087 2150 1215 2189 scholis,

887 2197 1054 2229 Elementa
1078 2197 1240 2231 literarum

277 2226 307 2258 A
318 2226 338 2257 d
360 2226 396 2259 Μ
406 2235 424 2258 a
434 2228 476 2261 ¹³¹³·
485 2227 575 2258 tinu
583 2235 625 2259 m·
890 2244 1084 2276 Perdocetur
1106 2243 1164 2276 fios
1189 2245 1376 2279 scholarum.

341 2292 556 2321 Invitatorium.
818 2293 858 2325 V.
890 2291 1019 2333 Optavit
1044 2295 1072 2323 et
1098 2292 1193 2325 datus
1215 2295 1259 2326 est
1276 2294 1304 2325 ei
1319 2303 1441 2331 sensus,

208 2338 379 2372 Iubilemus
404 2340 473 2372 Deo
887 2340 974 2371 vem't
1005 2340 1043 2372 ‘m
1073 2339 1168 2372 illum
1195 2341 1329 2381 spiritus
1353 2342 1442 2382 sapi-

254 2390 362 2419 nostro
387 2388 530 2429 salmam,
888 2387 1003 2422 entiae.

1226 2442 1268 2473 7*
