1655 2534
422 221 626 257 Responsoria.

232 291 262 322 1.
292 290 417 330 Virgam
443 289 553 320 timens

337 345 408 368 reus
431 335 612 375 discipulus,

291 383 413 423 Fugam
436 383 521 414 subit

339 428 599 467 adulescentulus,

292 476 378 509 Clam
405 474 546 507 defertur

337 522 478 562 magistri
500 521 642 562 baculus,

291 569 356 607 Quo
381 568 522 600 salvatur

337 615 502 646 nauclerus
526 614 686 645 tremulus.

219 664 261 694 V.
285 661 379 693 Multi
404 659 589 691 foraminum

338 709 504 747 patescunt
523 706 638 745 aditus,

294 755 441 786 Incursus
465 752 624 784 fluminum

337 800 423 832 sistit.
448 799 607 831 divinitus.

235 860 266 889 2.
293 856 369 888 Cum
398 856 517 895 collega

337 903 386 934 vir
409 901 630 941 proficiscitur,

294 949 348 981 Sic
369 948 529 989 psallendi

342 997 429 1027 locus
455 994 589 1035 eligitur,

290 1043 372 1073 Atra
396 1041 479 1073 nube

339 1090 446 1119 domus
470 1087 647 1126 obducitur,

292 1135 397 1167 Imber
419 1134 458 1165 de
481 1142 541 1172 qua

340 1180 427 1212 fusus
453 1180 614 1218 emittitur,

292 1227 394 1266 Supra
418 1229 559 1257 sanctum

341 1274 426 1305 unda.
450 1272 657 1313 restringitur,

292 1320 394 1352 Curva
416 1319 500 1350 nube

340 1376 409 1398 cum
434 1365 697 1404 circumcingitur.

258 1438 265 1444 .
294 1413 393 1445 Imbri
417 1413 533 1444 stillam
557 1411 704 1452 prohibet

339 1460 436 1491 nubes
462 1460 627 1497 camerata,

295 1506 344 1537 Ne
367 1506 463 1537 vestis
483 1506 534 1536 vel
557 1504 652 1535 litera

340 1552 440 1584 sancti
465 1552 508 1582 sit
530 1551 641 1591 rigata.

253 1615 269 1642 '.
296 1607 403 1640 Infans
428 1608 547 1638 invisus
568 1606 717 1644 nascitur,

341 1653 473 1693 Effigies
498 1652 669 1692 horribilis,

295 1702 407 1733 Vultus
434 1700 525 1731 dorso
550 1699 781 1738 transsumstur,

339 1747 515 1779 Monstrum
539 1746 658 1777 formae
675 1745 838 1783 mirabilis,

294 1794 418 1835 Manus,
443 1793 541 1832 pedes
566 1796 595 1823 et
621 1791 750 1823 brachia

343 1840 470 1873 Cunctis
493 1840 659 1879 privantur
681 1838 800 1879 usibus,

296 1887 412 1919 Christi
436 1885 557 1926 fulgent
579 1885 736 1926 magnalia

341 1932 494 1965 Membris
517 1933 549 1964 in
567 1931 839 1972 transversalibus,

388 1980 504 2018 Sospes
528 1979 717 2018 regreditur.

257 2054 264 2061 .
295 2029 348 2060 Ad
371 2027 499 2060 Niniaui
524 2026 675 2057 tumulum

343 2075 491 2106 Taetrum
513 2081 623 2104 munus
648 2072 827 2112 adducitur,

297 2123 336 2154 In
365 2120 477 2153 summi
499 2119 603 2151 laudis
626 2120 751 2151 titulum

347 2169 481 2200 Sanatus
506 2166 692 2200 restituitur.

471 2250 604 2278 Prosula.

243 2322 273 2354 1.
300 2318 451 2357 Sospitati
475 2318 606 2350 Niniani

345 2366 467 2405 Aegros
494 2366 549 2397 dat
574 2365 684 2410 oratio,

962 216 1079 248 Tumor
1103 213 1189 246 cedit
1210 210 1395 252 hydropicis

1010 265 1042 293 et
1065 262 1174 302 leprae
1199 259 1351 298 contagio,

963 309 1120 342 Redditur
1144 308 1212 340 vita
1237 304 1394 338 defunctis

1011 359 1043 387 et
1065 355 1160 387 mutis
1183 352 1312 391 locutio,

966 403 1075 436 Caecis
1099 403 1195 441 visus,
1223 399 1343 432 claudis
1368 405 1494 438 gressus

1013 452 1043 480 et
1068 448 1173 480 surdis
1198 446 1329 479 auditio.

930 531 938 536 .
964 504 1110 538 Gaudent
1132 505 1228 542 portu
1251 500 1429 541 naufragati

1011 554 1041 582 et
1066 549 1184 582 sterilis
1208 548 1283 587 filio,

964 598 1156 630 Liberantur
1182 594 1344 633 carcerati,

1010 645 1169 675 dementes
1192 640 1365 679 daemonio,

964 691 1058 731 Fugit
1084 689 1208 730 phtisis,
1234 690 1332 728 gutta,
1358 686 1467 723 febris,

1011 736 1158 777 epilensis
1182 736 1299 775 passio,

964 785 1135 817 Armorum
1160 782 1301 813 membra=
1325 790 1382 814 suo

1012 831 1189 862 redduntur
1219 828 1334 861 officio.

933 914 940 920 .
967 889 991 921 Ο
1018 896 1109 926 quam
1135 885 1272 924 probant
1296 886 1439 915 sanctum
1456 882 1517 913 Dei

1012 933 1114 965 furum
1140 932 1298 970 liberatio,

967 981 1196 1018 oculorumque
1220 976 1429 1009 membrorum

1012 1036 1093 1058 nova
1112 1024 1289 1057 restitutio!

964 1073 1050 1113 Ergo
1074 1072 1185 1104 laudes
1210 1070 1347 1103 Niniano

1012 1122 1121 1151 nostra
1144 1119 1262 1157 psallat
1286 1116 1401 1155 contio,

967 1166 1048 1198 Nam
1072 1167 1125 1206 qui
1151 1165 1246 1196 corde
1270 1163 1370 1203 poscit
1395 1163 1484 1194 illum

1012 1213 1076 1244 loto
1101 1212 1189 1252 prius
1213 1212 1301 1251 vitio,

1060 1259 1177 1299 Sospes
1202 1257 1391 1298 regreditur.

1060 1401 1075 1432 Ι
1084 1411 1104 1432 n
1130 1399 1157 1432 L
1164 1408 1210 1431 au
1220 1399 1258 1430 di
1265 1399 1285 1430 b
1292 1407 1315 1428 u
1322 1407 1349 1429 S.

1112 1473 1307 1508 Antiphonae.

935 1556 941 1562 .
969 1531 1188 1564 Gollaudemus
1213 1528 1350 1561 omnium

1014 1586 1166 1608 summum
1193 1580 1376 1617 creatorem,

967 1625 1062 1657 Suum
1087 1625 1140 1663 qui
1163 1622 1312 1655 mirificat

1013 1671 1109 1711 signis
1134 1669 1357 1702 confessorem.

934 1753 941 1760 .
967 1728 1019 1759 Ad
1045 1726 1148 1758 sancti
1173 1726 1323 1765 reliquias

1013 1773 1129 1805 Sitiens
1156 1773 1305 1804 virtutem

967 1820 1157 1858 Monstrum,
1183 1820 1250 1852 Deo
1276 1820 1406 1859 gratias,

1013 1868 1139 1906 Recipit
1164 1867 1309 1897 salutem.

934 1950 940 1956 .
969 1923 1062 1955 Hunc
1086 1932 1143 1962 pro
1169 1923 1240 1953 luce
1264 1922 1391 1960 perdita

1013 1969 1164 2001 Pulsante
1188 1969 1295 2007 puella

970 2016 1068 2047 Laeta
1092 2016 1162 2047 luce
1185 2015 1313 2046 reddita

1018 2062 1115 2094 Redit
1137 2062 1201 2093 iam
1225 2061 1359 2093 novella.

914 2121 947 2153 4.
973 2118 1131 2158 Morphea
1152 2117 1329 2157 mortifera,

1022 2166 1107 2203 Quae
1132 2173 1246 2204 corpus
1271 2164 1415 2206 obsessit‚

975 2212 1046 2245 Non
1070 2212 1215 2252 linquens
1238 2212 1373 2252 vestigia

1024 2258 1156 2298 Corpori
1180 2258 1321 2293 recessit,

919 2318 950 2349 5.
976 2314 1107 2348 Niniani
1129 2315 1251 2348 meritis

1023 2362 1174 2395 Morbida
1199 2367 1359 2406 curantur,
