<?xml version="1.0" encoding="UTF-8"?>
<!DOCTYPE html PUBLIC "-//W3C//DTD XHTML 1.0 Transitional//EN"
    "http://www.w3.org/TR/xhtml1/DTD/xhtml1-transitional.dtd">
<html xmlns="http://www.w3.org/1999/xhtml" xml:lang="en" lang="en">
 <head>
  <title>
</title>
<meta http-equiv="Content-Type" content="text/html;charset=utf-8" />
  <meta name='ocr-system' content='tesseract 3.04.00' />
  <meta name='ocr-capabilities' content='ocr_page ocr_carea ocr_par ocr_line ocrx_word'/>
</head>
<body>
  <div class='ocr_page' id='page_1' title='image "./analectahymnica28drevuoft_00170.png"; bbox 0 0 1655 2534; ppageno 0'>
   <div class='ocr_carea' id='block_1_1' title="bbox 126 136 160 167">
    <p class='ocr_par' dir='ltr' id='par_1_1' title="bbox 126 136 160 167">
     <span class='ocr_line' id='line_1_1' title="bbox 126 136 160 167; baseline 0 0"><span class='ocrx_word' id='word_1_1' title='bbox 126 136 160 167; x_wconf 83' lang='lat'><strong>2.</strong></span> 
     </span>
    </p>
   </div>
   <div class='ocr_carea' id='block_1_2' title="bbox 116 321 742 365">
    <p class='ocr_par' dir='ltr' id='par_1_2' title="bbox 116 321 742 365">
     <span class='ocr_line' id='line_1_2' title="bbox 116 321 742 365; baseline 0.003 -12"><span class='ocrx_word' id='word_1_2' title='bbox 116 323 155 357; x_wconf 84' lang='lat' dir='ltr'><strong>V,</strong></span> <span class='ocrx_word' id='word_1_3' title='bbox 185 323 271 362; x_wconf 76' lang='lat' dir='ltr'><strong>Quae</strong></span> <span class='ocrx_word' id='word_1_4' title='bbox 297 323 451 355; x_wconf 88' lang='lat' dir='ltr'><strong>virtutum</strong></span> <span class='ocrx_word' id='word_1_5' title='bbox 475 322 602 355; x_wconf 75' lang='lat' dir='ltr'><strong>fuscant,</strong></span> <span class='ocrx_word' id='word_1_6' title='bbox 621 321 742 365; x_wconf 85' lang='lat' dir='ltr'><strong>florem,</strong></span> 
     </span>
    </p>
   </div>
   <div class='ocr_carea' id='block_1_3' title="bbox 130 475 160 506">
    <p class='ocr_par' dir='ltr' id='par_1_3' title="bbox 130 475 160 506">
     <span class='ocr_line' id='line_1_3' title="bbox 130 475 160 506; baseline 0 0"><span class='ocrx_word' id='word_1_7' title='bbox 130 475 160 506; x_wconf 82' lang='lat'><strong>3.</strong></span> 
     </span>
    </p>
   </div>
   <div class='ocr_carea' id='block_1_4' title="bbox 134 1770 165 1803">
    <p class='ocr_par' dir='ltr' id='par_1_4' title="bbox 134 1770 165 1803">
     <span class='ocr_line' id='line_1_4' title="bbox 134 1770 165 1803; baseline 0.032 -1"><span class='ocrx_word' id='word_1_8' title='bbox 134 1770 165 1803; x_wconf 90' lang='lat'><strong>1.</strong></span> 
     </span>
    </p>
   </div>
   <div class='ocr_carea' id='block_1_5' title="bbox 119 2253 160 2286">
    <p class='ocr_par' dir='ltr' id='par_1_5' title="bbox 119 2253 160 2286">
     <span class='ocr_line' id='line_1_5' title="bbox 119 2253 160 2286; baseline -0.024 0"><span class='ocrx_word' id='word_1_9' title='bbox 119 2253 160 2286; x_wconf 89' lang='lat' dir='ltr'><strong>V.</strong></span> 
     </span>
    </p>
   </div>
   <div class='ocr_carea' id='block_1_6' title="bbox 639 38 895 74">
    <p class='ocr_par' dir='ltr' id='par_1_6' title="bbox 639 38 895 74">
     <span class='ocr_line' id='line_1_6' title="bbox 639 38 895 74; baseline -0.004 0"><span class='ocrx_word' id='word_1_10' title='bbox 639 38 895 74; x_wconf 76' lang='lat'>—167—</span> 
     </span>
    </p>
   </div>
   <div class='ocr_carea' id='block_1_7' title="bbox 186 134 665 320">
    <p class='ocr_par' dir='ltr' id='par_1_7' title="bbox 186 134 665 320">
     <span class='ocr_line' id='line_1_7' title="bbox 187 134 561 175; baseline 0.003 -9"><span class='ocrx_word' id='word_1_11' title='bbox 187 134 324 166; x_wconf 74' lang='lat' dir='ltr'>Relictis</span> <span class='ocrx_word' id='word_1_12' title='bbox 351 143 425 175; x_wconf 86' lang='lat' dir='ltr'><strong>ergo</strong></span> <span class='ocrx_word' id='word_1_13' title='bbox 451 134 561 167; x_wconf 87' lang='lat' dir='ltr'><strong>sericis</strong></span> 
     </span>
     <span class='ocr_line' id='line_1_8' title="bbox 187 181 615 222; baseline 0 -8"><span class='ocrx_word' id='word_1_14' title='bbox 187 181 309 214; x_wconf 85' lang='lat' dir='ltr'><strong>Urbem</strong></span> <span class='ocrx_word' id='word_1_15' title='bbox 333 182 416 222; x_wconf 83' lang='lat' dir='ltr'><strong>petit</strong></span> <span class='ocrx_word' id='word_1_16' title='bbox 441 182 615 222; x_wconf 85' lang='lat' dir='ltr'><strong>Coloniam,</strong></span> 
     </span>
     <span class='ocr_line' id='line_1_9' title="bbox 189 228 584 272; baseline 0 -11"><span class='ocrx_word' id='word_1_17' title='bbox 189 228 302 272; x_wconf 80' lang='lat' dir='ltr'>Corde,</span> <span class='ocrx_word' id='word_1_18' title='bbox 327 231 413 268; x_wconf 86' lang='lat' dir='ltr'><strong>voto,</strong></span> <span class='ocrx_word' id='word_1_19' title='bbox 439 229 584 269; x_wconf 78' lang='lat' dir='ltr'><strong>suspiriis</strong></span> 
     </span>
     <span class='ocr_line' id='line_1_10' title="bbox 186 275 665 320; baseline 0.002 -13"><span class='ocrx_word' id='word_1_20' title='bbox 186 275 337 307; x_wconf 84' lang='lat' dir='ltr'><strong>Tendens</strong></span> <span class='ocrx_word' id='word_1_21' title='bbox 364 276 406 308; x_wconf 75' lang='lat' dir='ltr'><strong>ad</strong></span> <span class='ocrx_word' id='word_1_22' title='bbox 428 277 509 308; x_wconf 81' lang='lat' dir='ltr'><strong>caeli</strong></span> <span class='ocrx_word' id='word_1_23' title='bbox 534 277 665 320; x_wconf 85' lang='lat' dir='ltr'><strong>regiam,</strong></span> 
     </span>
    </p>
   </div>
   <div class='ocr_carea' id='block_1_8' title="bbox 187 369 541 456">
    <p class='ocr_par' dir='ltr' id='par_1_8' title="bbox 187 369 541 456">
     <span class='ocr_line' id='line_1_11' title="bbox 187 369 541 402; baseline 0.003 -1"><span class='ocrx_word' id='word_1_24' title='bbox 187 369 306 401; x_wconf 81' lang='lat' dir='ltr'><strong>Domat</strong></span> <span class='ocrx_word' id='word_1_25' title='bbox 332 370 436 402; x_wconf 82' lang='lat' dir='ltr'><strong>carnis</strong></span> <span class='ocrx_word' id='word_1_26' title='bbox 463 370 541 402; x_wconf 83' lang='lat' dir='ltr'><strong>vitia</strong></span> 
     </span>
     <span class='ocr_line' id='line_1_12' title="bbox 187 416 486 456; baseline 0.003 -8"><span class='ocrx_word' id='word_1_27' title='bbox 187 416 258 456; x_wconf 79' lang='lat' dir='ltr'><strong>Iugi</strong></span> <span class='ocrx_word' id='word_1_28' title='bbox 283 416 486 456; x_wconf 78' lang='lat' dir='ltr'>parsimonia.</span> 
     </span>
    </p>
   </div>
   <div class='ocr_carea' id='block_1_9' title="bbox 187 472 747 506">
    <p class='ocr_par' dir='ltr' id='par_1_9' title="bbox 187 472 747 506">
     <span class='ocr_line' id='line_1_13' title="bbox 187 472 747 506; baseline -0.002 -1"><span class='ocrx_word' id='word_1_29' title='bbox 187 472 272 506; x_wconf 87' lang='lat' dir='ltr'><strong>Dum</strong></span> <span class='ocrx_word' id='word_1_30' title='bbox 306 475 400 505; x_wconf 78' lang='lat' dir='ltr'><strong>vacat</strong></span> <span class='ocrx_word' id='word_1_31' title='bbox 430 474 464 504; x_wconf 88' lang='lat' dir='ltr'><strong>in</strong></span> <span class='ocrx_word' id='word_1_32' title='bbox 489 473 640 505; x_wconf 84' lang='lat' dir='ltr'><strong>virtutum</strong></span> <span class='ocrx_word' id='word_1_33' title='bbox 666 473 747 504; x_wconf 77' lang='lat' dir='ltr'><strong>cella</strong></span> 
     </span>
    </p>
   </div>
   <div class='ocr_carea' id='block_1_10' title="bbox 187 519 653 701">
    <p class='ocr_par' dir='ltr' id='par_1_10' title="bbox 187 519 653 701">
     <span class='ocr_line' id='line_1_14' title="bbox 190 519 653 560; baseline 0 -9"><span class='ocrx_word' id='word_1_34' title='bbox 190 519 255 560; x_wconf 85' lang='lat' dir='ltr'><strong>Spe</strong></span> <span class='ocrx_word' id='word_1_35' title='bbox 276 520 411 552; x_wconf 84' lang='lat' dir='ltr'><strong>tendens</strong></span> <span class='ocrx_word' id='word_1_36' title='bbox 435 520 477 552; x_wconf 84' lang='lat' dir='ltr'><strong>ad</strong></span> <span class='ocrx_word' id='word_1_37' title='bbox 505 520 653 552; x_wconf 78' lang='lat' dir='ltr'><strong>caelestia</strong></span> 
     </span>
     <span class='ocr_line' id='line_1_15' title="bbox 188 567 547 607; baseline 0 -9"><span class='ocrx_word' id='word_1_38' title='bbox 188 567 322 600; x_wconf 83' lang='lat' dir='ltr'><strong>Athleta</strong></span> <span class='ocrx_word' id='word_1_39' title='bbox 345 567 547 607; x_wconf 83' lang='lat' dir='ltr'><strong>venerabilis,</strong></span> 
     </span>
     <span class='ocr_line' id='line_1_16' title="bbox 188 612 591 653; baseline -0.002 -8"><span class='ocrx_word' id='word_1_40' title='bbox 188 613 381 646; x_wconf 76' lang='lat' dir='ltr'>Declaratur</span> <span class='ocrx_word' id='word_1_41' title='bbox 405 612 591 653; x_wconf 82' lang='lat' dir='ltr'><strong>magnificis,</strong></span> 
     </span>
     <span class='ocr_line' id='line_1_17' title="bbox 187 660 566 701; baseline -0.005 -8"><span class='ocrx_word' id='word_1_42' title='bbox 187 661 349 694; x_wconf 85' lang='lat' dir='ltr'><strong>Virtutum</strong></span> <span class='ocrx_word' id='word_1_43' title='bbox 373 660 566 701; x_wconf 79' lang='lat' dir='ltr'><strong>privilegiis3</strong></span> 
     </span>
    </p>
   </div>
   <div class='ocr_carea' id='block_1_11' title="bbox 151 706 672 747">
    <p class='ocr_par' dir='ltr' id='par_1_11' title="bbox 151 706 672 747">
     <span class='ocr_line' id='line_1_18' title="bbox 151 706 672 747; baseline -0.008 -6"><span class='ocrx_word' id='word_1_44' title='bbox 151 734 158 741; x_wconf 94' lang='lat'><strong>.</strong></span> <span class='ocrx_word' id='word_1_45' title='bbox 189 706 385 740; x_wconf 77' lang='lat' dir='ltr'><strong>Defunctum</strong></span> <span class='ocrx_word' id='word_1_46' title='bbox 410 716 506 747; x_wconf 80' lang='lat' dir='ltr'>prece</span> <span class='ocrx_word' id='word_1_47' title='bbox 530 707 672 746; x_wconf 85' lang='lat' dir='ltr'><strong>suscitat,</strong></span> 
     </span>
    </p>
   </div>
   <div class='ocr_carea' id='block_1_12' title="bbox 189 753 630 834">
    <p class='ocr_par' dir='ltr' id='par_1_12' title="bbox 189 753 630 834">
     <span class='ocr_line' id='line_1_19' title="bbox 189 753 623 794; baseline -0.005 -9"><span class='ocrx_word' id='word_1_48' title='bbox 189 754 294 794; x_wconf 86' lang='lat' dir='ltr'><strong>Largo</strong></span> <span class='ocrx_word' id='word_1_49' title='bbox 319 754 478 793; x_wconf 84' lang='lat' dir='ltr'><strong>signorum</strong></span> <span class='ocrx_word' id='word_1_50' title='bbox 502 753 623 792; x_wconf 86' lang='lat' dir='ltr'><strong>impetu</strong></span> 
     </span>
     <span class='ocr_line' id='line_1_20' title="bbox 190 798 630 834; baseline -0.005 0"><span class='ocrx_word' id='word_1_51' title='bbox 190 800 357 834; x_wconf 79' lang='lat' dir='ltr'>Civitatem</span> <span class='ocrx_word' id='word_1_52' title='bbox 382 801 444 833; x_wconf 85' lang='lat' dir='ltr'><strong>Dei</strong></span> <span class='ocrx_word' id='word_1_53' title='bbox 469 798 630 832; x_wconf 85' lang='lat' dir='ltr'><strong>laetificat.</strong></span> 
     </span>
    </p>
   </div>
   <div class='ocr_carea' id='block_1_13' title="bbox 253 931 613 965">
    <p class='ocr_par' dir='ltr' id='par_1_13' title="bbox 253 931 613 965">
     <span class='ocr_line' id='line_1_21' title="bbox 253 931 613 965; baseline 0 -1"><span class='ocrx_word' id='word_1_54' title='bbox 253 933 297 965; x_wconf 79' lang='lat' dir='ltr'><strong>ln</strong></span> <span class='ocrx_word' id='word_1_55' title='bbox 326 934 358 964; x_wconf 81' lang='lat'><strong>2.</strong></span> <span class='ocrx_word' id='word_1_56' title='bbox 384 931 613 964; x_wconf 83' lang='lat' dir='ltr'><strong>NocturnO.</strong></span> 
     </span>
    </p>
   </div>
   <div class='ocr_carea' id='block_1_14' title="bbox 333 1015 529 1049">
    <p class='ocr_par' dir='ltr' id='par_1_14' title="bbox 333 1015 529 1049">
     <span class='ocr_line' id='line_1_22' title="bbox 333 1015 529 1049; baseline -0.005 -6"><span class='ocrx_word' id='word_1_57' title='bbox 333 1015 529 1049; x_wconf 76' lang='lat' dir='ltr'><strong>Antiphonae.</strong></span> 
     </span>
    </p>
   </div>
   <div class='ocr_carea' id='block_1_15' title="bbox 157 1082 678 1122">
    <p class='ocr_par' dir='ltr' id='par_1_15' title="bbox 157 1082 678 1122">
     <span class='ocr_line' id='line_1_23' title="bbox 157 1082 678 1122; baseline -0.006 -7"><span class='ocrx_word' id='word_1_58' title='bbox 157 1109 162 1115; x_wconf 97' lang='lat'><strong>.</strong></span> <span class='ocrx_word' id='word_1_59' title='bbox 189 1083 228 1115; x_wconf 86' lang='lat' dir='ltr'><strong>In</strong></span> <span class='ocrx_word' id='word_1_60' title='bbox 255 1083 381 1115; x_wconf 83' lang='lat' dir='ltr'><strong>Christo</strong></span> <span class='ocrx_word' id='word_1_61' title='bbox 406 1082 506 1122; x_wconf 85' lang='lat' dir='ltr'><strong>figens</strong></span> <span class='ocrx_word' id='word_1_62' title='bbox 529 1090 678 1114; x_wconf 81' lang='lat' dir='ltr'><strong>ancoram</strong></span> 
     </span>
    </p>
   </div>
   <div class='ocr_carea' id='block_1_16' title="bbox 192 1128 650 1263">
    <p class='ocr_par' dir='ltr' id='par_1_16' title="bbox 192 1128 650 1263">
     <span class='ocr_line' id='line_1_24' title="bbox 192 1128 564 1169; baseline -0.005 -8"><span class='ocrx_word' id='word_1_63' title='bbox 192 1130 268 1169; x_wconf 82' lang='lat' dir='ltr'><strong>Spei</strong></span> <span class='ocrx_word' id='word_1_64' title='bbox 295 1138 353 1169; x_wconf 82' lang='lat' dir='ltr'><strong>per</strong></span> <span class='ocrx_word' id='word_1_65' title='bbox 378 1128 564 1168; x_wconf 83' lang='lat' dir='ltr'><strong>patientiam</strong></span> 
     </span>
     <span class='ocr_line' id='line_1_25' title="bbox 194 1175 643 1216; baseline -0.009 -7"><span class='ocrx_word' id='word_1_66' title='bbox 194 1176 347 1209; x_wconf 79' lang='lat' dir='ltr'><strong>Fructum</strong></span> <span class='ocrx_word' id='word_1_67' title='bbox 374 1177 464 1209; x_wconf 78' lang='lat' dir='ltr'><strong>dedit</strong></span> <span class='ocrx_word' id='word_1_68' title='bbox 486 1175 643 1216; x_wconf 81' lang='lat' dir='ltr'><strong>martyrii,</strong></span> 
     </span>
     <span class='ocr_line' id='line_1_26' title="bbox 195 1222 650 1263; baseline -0.004 -8"><span class='ocrx_word' id='word_1_69' title='bbox 195 1224 311 1256; x_wconf 84' lang='lat' dir='ltr'><strong>Coetus</strong></span> <span class='ocrx_word' id='word_1_70' title='bbox 337 1231 465 1255; x_wconf 86' lang='lat' dir='ltr'><strong>consors</strong></span> <span class='ocrx_word' id='word_1_71' title='bbox 486 1222 650 1263; x_wconf 77' lang='lat' dir='ltr'><strong>purpurei.</strong></span> 
     </span>
    </p>
   </div>
   <div class='ocr_carea' id='block_1_17' title="bbox 160 1279 563 1313">
    <p class='ocr_par' dir='ltr' id='par_1_17' title="bbox 160 1279 563 1313">
     <span class='ocr_line' id='line_1_27' title="bbox 160 1279 563 1313; baseline -0.005 -1"><span class='ocrx_word' id='word_1_72' title='bbox 160 1306 166 1313; x_wconf 95' lang='lat'><strong>.</strong></span> <span class='ocrx_word' id='word_1_73' title='bbox 192 1280 284 1312; x_wconf 86' lang='lat' dir='ltr'><strong>Servi</strong></span> <span class='ocrx_word' id='word_1_74' title='bbox 309 1279 414 1311; x_wconf 87' lang='lat' dir='ltr'><strong>fidelis</strong></span> <span class='ocrx_word' id='word_1_75' title='bbox 439 1280 563 1311; x_wconf 84' lang='lat' dir='ltr'><strong>animae</strong></span> 
     </span>
    </p>
   </div>
   <div class='ocr_carea' id='block_1_18' title="bbox 189 1325 706 1459">
    <p class='ocr_par' dir='ltr' id='par_1_18' title="bbox 189 1325 706 1459">
     <span class='ocr_line' id='line_1_28' title="bbox 192 1325 610 1366; baseline -0.007 -7"><span class='ocrx_word' id='word_1_76' title='bbox 192 1327 240 1359; x_wconf 85' lang='lat' dir='ltr'><strong>Tu</strong></span> <span class='ocrx_word' id='word_1_77' title='bbox 266 1327 439 1366; x_wconf 81' lang='lat' dir='ltr'><strong>benedicis,</strong></span> <span class='ocrx_word' id='word_1_78' title='bbox 465 1325 610 1365; x_wconf 83' lang='lat' dir='ltr'><strong>Domine,</strong></span> 
     </span>
     <span class='ocr_line' id='line_1_29' title="bbox 189 1373 513 1414; baseline -0.006 -8"><span class='ocrx_word' id='word_1_79' title='bbox 189 1374 391 1414; x_wconf 81' lang='lat' dir='ltr'><strong>Benignitate</strong></span> <span class='ocrx_word' id='word_1_80' title='bbox 419 1373 513 1405; x_wconf 83' lang='lat' dir='ltr'><strong>solita</strong></span> 
     </span>
     <span class='ocr_line' id='line_1_30' title="bbox 193 1417 706 1459; baseline -0.008 -5"><span class='ocrx_word' id='word_1_81' title='bbox 193 1422 356 1455; x_wconf 84' lang='lat' dir='ltr'><strong>Coronans</strong></span> <span class='ocrx_word' id='word_1_82' title='bbox 381 1421 466 1452; x_wconf 86' lang='lat' dir='ltr'><strong>hunc</strong></span> <span class='ocrx_word' id='word_1_83' title='bbox 486 1428 545 1459; x_wconf 88' lang='lat' dir='ltr'><strong>per</strong></span> <span class='ocrx_word' id='word_1_84' title='bbox 569 1417 706 1450; x_wconf 80' lang='lat' dir='ltr'><strong>saecula.</strong></span> 
     </span>
    </p>
   </div>
   <div class='ocr_carea' id='block_1_19' title="bbox 190 1475 662 1657">
    <p class='ocr_par' dir='ltr' id='par_1_19' title="bbox 190 1475 595 1509">
     <span class='ocr_line' id='line_1_31' title="bbox 190 1475 595 1509; baseline -0.007 0"><span class='ocrx_word' id='word_1_85' title='bbox 190 1477 311 1509; x_wconf 81' lang='lat' dir='ltr'>Nomen</span> <span class='ocrx_word' id='word_1_86' title='bbox 336 1479 423 1508; x_wconf 87' lang='lat' dir='ltr'><strong>tuum</strong></span> <span class='ocrx_word' id='word_1_87' title='bbox 449 1475 595 1507; x_wconf 84' lang='lat' dir='ltr'><strong>mirabile</strong></span> 
     </span>
    </p>

    <p class='ocr_par' dir='ltr' id='par_1_20' title="bbox 190 1524 662 1657">
     <span class='ocr_line' id='line_1_32' title="bbox 192 1524 662 1564; baseline -0.006 -8"><span class='ocrx_word' id='word_1_88' title='bbox 192 1525 230 1557; x_wconf 86' lang='lat' dir='ltr'><strong>In</strong></span> <span class='ocrx_word' id='word_1_89' title='bbox 255 1525 316 1556; x_wconf 84' lang='lat' dir='ltr'><strong>hoc</strong></span> <span class='ocrx_word' id='word_1_90' title='bbox 342 1524 489 1556; x_wconf 75' lang='lat' dir='ltr'><strong>clarescit</strong></span> <span class='ocrx_word' id='word_1_91' title='bbox 513 1526 662 1564; x_wconf 71' lang='lat' dir='ltr'><strong>martyre,</strong></span> 
     </span>
     <span class='ocr_line' id='line_1_33' title="bbox 190 1573 599 1611; baseline -0.005 -8"><span class='ocrx_word' id='word_1_92' title='bbox 190 1573 250 1611; x_wconf 77' lang='lat' dir='ltr'><strong>Qui</strong></span> <span class='ocrx_word' id='word_1_93' title='bbox 277 1574 444 1603; x_wconf 75' lang='lat' dir='ltr'><strong>coronatur</strong></span> <span class='ocrx_word' id='word_1_94' title='bbox 468 1578 599 1603; x_wconf 85' lang='lat' dir='ltr'><strong>munere</strong></span> 
     </span>
     <span class='ocr_line' id='line_1_34' title="bbox 191 1617 567 1657; baseline -0.003 -6"><span class='ocrx_word' id='word_1_95' title='bbox 191 1619 279 1651; x_wconf 82' lang='lat' dir='ltr'><strong>Tuae</strong></span> <span class='ocrx_word' id='word_1_96' title='bbox 303 1617 567 1657; x_wconf 77' lang='lat' dir='ltr'><strong>magnificentiae.</strong></span> 
     </span>
    </p>
   </div>
   <div class='ocr_carea' id='block_1_20' title="bbox 329 1702 536 1738">
    <p class='ocr_par' dir='ltr' id='par_1_21' title="bbox 329 1702 536 1738">
     <span class='ocr_line' id='line_1_35' title="bbox 329 1702 536 1738; baseline -0.005 -9"><span class='ocrx_word' id='word_1_97' title='bbox 329 1702 536 1738; x_wconf 74' lang='lat' dir='ltr'><strong>Responsoria.</strong></span> 
     </span>
    </p>
   </div>
   <div class='ocr_carea' id='block_1_21' title="bbox 189 1768 690 2046">
    <p class='ocr_par' dir='ltr' id='par_1_22' title="bbox 189 1768 564 1801">
     <span class='ocr_line' id='line_1_36' title="bbox 189 1768 564 1801; baseline -0.005 0"><span class='ocrx_word' id='word_1_98' title='bbox 189 1769 295 1801; x_wconf 85' lang='lat' dir='ltr'><strong>Letali</strong></span> <span class='ocrx_word' id='word_1_99' title='bbox 320 1768 430 1801; x_wconf 86' lang='lat' dir='ltr'><strong>morbo</strong></span> <span class='ocrx_word' id='word_1_100' title='bbox 456 1768 564 1800; x_wconf 79' lang='lat' dir='ltr'><strong>saucia</strong></span> 
     </span>
    </p>

    <p class='ocr_par' dir='ltr' id='par_1_23' title="bbox 191 1815 690 2046">
     <span class='ocr_line' id='line_1_37' title="bbox 194 1815 687 1855; baseline -0.006 -6"><span class='ocrx_word' id='word_1_101' title='bbox 194 1816 290 1850; x_wconf 86' lang='lat' dir='ltr'><strong>Plebs</strong></span> <span class='ocrx_word' id='word_1_102' title='bbox 314 1825 373 1855; x_wconf 85' lang='lat' dir='ltr'><strong>per</strong></span> <span class='ocrx_word' id='word_1_103' title='bbox 398 1815 547 1848; x_wconf 85' lang='lat' dir='ltr'><strong>Reinoldi</strong></span> <span class='ocrx_word' id='word_1_104' title='bbox 571 1815 687 1846; x_wconf 84' lang='lat' dir='ltr'><strong>merita</strong></span> 
     </span>
     <span class='ocr_line' id='line_1_38' title="bbox 192 1862 593 1904; baseline -0.002 -9"><span class='ocrx_word' id='word_1_105' title='bbox 192 1863 307 1896; x_wconf 84' lang='lat' dir='ltr'><strong>Mortis</strong></span> <span class='ocrx_word' id='word_1_106' title='bbox 334 1866 445 1904; x_wconf 84' lang='lat' dir='ltr'><strong>erepta</strong></span> <span class='ocrx_word' id='word_1_107' title='bbox 470 1862 593 1895; x_wconf 79' lang='lat' dir='ltr'><strong>casibus</strong></span> 
     </span>
     <span class='ocr_line' id='line_1_39' title="bbox 191 1910 633 1947; baseline -0.007 -3"><span class='ocrx_word' id='word_1_108' title='bbox 191 1911 354 1944; x_wconf 82' lang='lat' dir='ltr'><strong>Persolvit</strong></span> <span class='ocrx_word' id='word_1_109' title='bbox 378 1919 452 1943; x_wconf 79' lang='lat' dir='ltr'><strong>vota</strong></span> <span class='ocrx_word' id='word_1_110' title='bbox 476 1910 633 1947; x_wconf 79' lang='lat' dir='ltr'><strong>laudibus,</strong></span> 
     </span>
     <span class='ocr_line' id='line_1_40' title="bbox 193 1957 633 2000; baseline -0.002 -10"><span class='ocrx_word' id='word_1_111' title='bbox 193 1958 363 1991; x_wconf 80' lang='lat' dir='ltr'><strong>Commune</strong></span> <span class='ocrx_word' id='word_1_112' title='bbox 389 1957 425 1990; x_wconf 77' lang='lat' dir='ltr'><strong>fit</strong></span> <span class='ocrx_word' id='word_1_113' title='bbox 448 1958 633 2000; x_wconf 84' lang='lat' dir='ltr'><strong>tripudium,</strong></span> 
     </span>
     <span class='ocr_line' id='line_1_41' title="bbox 196 2005 690 2046; baseline -0.004 -8"><span class='ocrx_word' id='word_1_114' title='bbox 196 2005 386 2039; x_wconf 87' lang='lat' dir='ltr'><strong>Continuum</strong></span> <span class='ocrx_word' id='word_1_115' title='bbox 412 2006 501 2038; x_wconf 85' lang='lat' dir='ltr'><strong>vocis</strong></span> <span class='ocrx_word' id='word_1_116' title='bbox 527 2014 690 2046; x_wconf 83' lang='lat' dir='ltr'><strong>organum.</strong></span> 
     </span>
    </p>
   </div>
   <div class='ocr_carea' id='block_1_22' title="bbox 193 2063 685 2292">
    <p class='ocr_par' dir='ltr' id='par_1_24' title="bbox 193 2063 685 2292">
     <span class='ocr_line' id='line_1_42' title="bbox 196 2063 685 2096; baseline -0.004 -1"><span class='ocrx_word' id='word_1_117' title='bbox 196 2063 305 2096; x_wconf 82' lang='lat' dir='ltr'><strong>Saevit</strong></span> <span class='ocrx_word' id='word_1_118' title='bbox 330 2063 413 2095; x_wconf 84' lang='lat' dir='ltr'><strong>livor</strong></span> <span class='ocrx_word' id='word_1_119' title='bbox 436 2063 469 2094; x_wconf 85' lang='lat' dir='ltr'><strong>in</strong></span> <span class='ocrx_word' id='word_1_120' title='bbox 495 2063 685 2095; x_wconf 82' lang='lat' dir='ltr'><strong>Reinoldum</strong></span> 
     </span>
     <span class='ocr_line' id='line_1_43' title="bbox 240 2110 578 2149; baseline -0.003 -7"><span class='ocrx_word' id='word_1_121' title='bbox 240 2110 378 2143; x_wconf 83' lang='lat' dir='ltr'><strong>Satanae</strong></span> <span class='ocrx_word' id='word_1_122' title='bbox 394 2110 578 2149; x_wconf 78' lang='lat' dir='ltr'><strong>satellitum,</strong></span> 
     </span>
     <span class='ocr_line' id='line_1_44' title="bbox 193 2158 680 2191; baseline -0.006 0"><span class='ocrx_word' id='word_1_123' title='bbox 193 2158 283 2191; x_wconf 84' lang='lat' dir='ltr'><strong>Clam</strong></span> <span class='ocrx_word' id='word_1_124' title='bbox 307 2158 340 2190; x_wconf 87' lang='lat' dir='ltr'><strong>in</strong></span> <span class='ocrx_word' id='word_1_125' title='bbox 364 2165 475 2190; x_wconf 84' lang='lat' dir='ltr'><strong>necem</strong></span> <span class='ocrx_word' id='word_1_126' title='bbox 500 2158 680 2189; x_wconf 85' lang='lat' dir='ltr'><strong>animantur</strong></span> 
     </span>
     <span class='ocr_line' id='line_1_45' title="bbox 242 2205 634 2245; baseline -0.005 -8"><span class='ocrx_word' id='word_1_127' title='bbox 242 2205 323 2237; x_wconf 88' lang='lat' dir='ltr'><strong>lusti</strong></span> <span class='ocrx_word' id='word_1_128' title='bbox 351 2205 413 2237; x_wconf 88' lang='lat' dir='ltr'><strong>viri</strong></span> <span class='ocrx_word' id='word_1_129' title='bbox 439 2206 634 2245; x_wconf 82' lang='lat' dir='ltr'><strong>sanguinum,</strong></span> 
     </span>
     <span class='ocr_line' id='line_1_46' title="bbox 193 2252 572 2292; baseline -0.003 -7"><span class='ocrx_word' id='word_1_130' title='bbox 193 2253 246 2285; x_wconf 85' lang='lat' dir='ltr'><strong>Ad</strong></span> <span class='ocrx_word' id='word_1_131' title='bbox 271 2252 373 2284; x_wconf 88' lang='lat' dir='ltr'><strong>scelus</strong></span> <span class='ocrx_word' id='word_1_132' title='bbox 399 2255 572 2292; x_wconf 79' lang='lat' dir='ltr'><strong>armantur,</strong></span> 
     </span>
    </p>
   </div>
   <div class='ocr_carea' id='block_1_23' title="bbox 241 2300 750 2340">
    <p class='ocr_par' dir='ltr' id='par_1_25' title="bbox 241 2300 750 2340">
     <span class='ocr_line' id='line_1_47' title="bbox 241 2300 750 2340; baseline -0.004 -9"><span class='ocrx_word' id='word_1_133' title='bbox 241 2300 354 2332; x_wconf 85' lang='lat' dir='ltr'><strong>sceleri</strong></span> <span class='ocrx_word' id='word_1_134' title='bbox 370 2300 443 2333; x_wconf 80' lang='lat' dir='ltr'><strong>loca</strong></span> <span class='ocrx_word' id='word_1_135' title='bbox 461 2308 601 2340; x_wconf 83' lang='lat' dir='ltr'><strong>congrua</strong></span> <span class='ocrx_word' id='word_1_136' title='bbox 613 2300 750 2333; x_wconf 83' lang='lat' dir='ltr'><strong>servant.</strong></span> 
     </span>
    </p>
   </div>
   <div class='ocr_carea' id='block_1_24' title="bbox 816 134 1301 175">
    <p class='ocr_par' dir='ltr' id='par_1_26' title="bbox 816 134 1301 175">
     <span class='ocr_line' id='line_1_48' title="bbox 816 134 1301 175; baseline 0 -8"><span class='ocrx_word' id='word_1_137' title='bbox 816 136 846 168; x_wconf 82' lang='lat'><strong>3.</strong></span> <span class='ocrx_word' id='word_1_138' title='bbox 872 134 998 175; x_wconf 83' lang='lat' dir='ltr'><strong>Martyr</strong></span> <span class='ocrx_word' id='word_1_139' title='bbox 1023 134 1094 174; x_wconf 85' lang='lat' dir='ltr'><strong>pius</strong></span> <span class='ocrx_word' id='word_1_140' title='bbox 1120 138 1301 167; x_wconf 87' lang='lat' dir='ltr'><strong>cruentatus</strong></span> 
     </span>
    </p>
   </div>
   <div class='ocr_carea' id='block_1_25' title="bbox 803 323 841 356">
    <p class='ocr_par' dir='ltr' id='par_1_27' title="bbox 803 323 841 356">
     <span class='ocr_line' id='line_1_49' title="bbox 803 323 841 356; baseline 0.026 -1"><span class='ocrx_word' id='word_1_141' title='bbox 803 323 841 356; x_wconf 88' lang='lat' dir='ltr'><strong>V.</strong></span> 
     </span>
    </p>
   </div>
   <div class='ocr_carea' id='block_1_26' title="bbox 803 1580 842 1614">
    <p class='ocr_par' dir='ltr' id='par_1_28' title="bbox 803 1580 842 1614">
     <span class='ocr_line' id='line_1_50' title="bbox 803 1580 842 1614; baseline 0.077 -3"><span class='ocrx_word' id='word_1_142' title='bbox 803 1580 842 1614; x_wconf 93' lang='lat' dir='ltr'><strong>V.</strong></span> 
     </span>
    </p>
   </div>
   <div class='ocr_carea' id='block_1_27' title="bbox 809 2156 846 2188">
    <p class='ocr_par' dir='ltr' id='par_1_29' title="bbox 809 2156 846 2188">
     <span class='ocr_line' id='line_1_51' title="bbox 809 2156 846 2188; baseline -0.027 0"><span class='ocrx_word' id='word_1_143' title='bbox 809 2156 846 2188; x_wconf 89' lang='lat' dir='ltr'><strong>V.</strong></span> 
     </span>
    </p>
   </div>
   <div class='ocr_carea' id='block_1_28' title="bbox 872 181 1401 408">
    <p class='ocr_par' dir='ltr' id='par_1_30' title="bbox 872 181 1401 408">
     <span class='ocr_line' id='line_1_52' title="bbox 921 181 1224 221; baseline 0 -8"><span class='ocrx_word' id='word_1_144' title='bbox 921 182 1034 213; x_wconf 82' lang='lat' dir='ltr'><strong>Atroci</strong></span> <span class='ocrx_word' id='word_1_145' title='bbox 1058 181 1224 221; x_wconf 84' lang='lat' dir='ltr'><strong>supplicio,</strong></span> 
     </span>
     <span class='ocr_line' id='line_1_53' title="bbox 876 228 1306 261; baseline -0.005 0"><span class='ocrx_word' id='word_1_146' title='bbox 876 228 1013 261; x_wconf 81' lang='lat' dir='ltr'><strong>Caelesti</strong></span> <span class='ocrx_word' id='word_1_147' title='bbox 1039 228 1163 260; x_wconf 83' lang='lat' dir='ltr'><strong>domum</strong></span> <span class='ocrx_word' id='word_1_148' title='bbox 1188 230 1306 260; x_wconf 80' lang='lat' dir='ltr'><strong>luteam</strong></span> 
     </span>
     <span class='ocr_line' id='line_1_54' title="bbox 923 275 1289 316; baseline -0.005 -8"><span class='ocrx_word' id='word_1_149' title='bbox 923 275 1135 308; x_wconf 85' lang='lat' dir='ltr'><strong>Commutavit</strong></span> <span class='ocrx_word' id='word_1_150' title='bbox 1157 276 1289 316; x_wconf 80' lang='lat' dir='ltr'><strong>palatio,</strong></span> 
     </span>
     <span class='ocr_line' id='line_1_55' title="bbox 872 322 1363 362; baseline -0.002 -8"><span class='ocrx_word' id='word_1_151' title='bbox 872 322 926 354; x_wconf 88' lang='lat' dir='ltr'><strong>Sic</strong></span> <span class='ocrx_word' id='word_1_152' title='bbox 950 324 1095 355; x_wconf 82' lang='lat' dir='ltr'><strong>excoctus</strong></span> <span class='ocrx_word' id='word_1_153' title='bbox 1121 322 1193 362; x_wconf 85' lang='lat' dir='ltr'><strong>gelu</strong></span> <span class='ocrx_word' id='word_1_154' title='bbox 1217 322 1363 361; x_wconf 82' lang='lat' dir='ltr'><strong>martyrii</strong></span> 
     </span>
     <span class='ocr_line' id='line_1_56' title="bbox 875 369 1401 408; baseline 0 -6"><span class='ocrx_word' id='word_1_155' title='bbox 875 369 1030 402; x_wconf 85' lang='lat' dir='ltr'><strong>Coronam</strong></span> <span class='ocrx_word' id='word_1_156' title='bbox 1055 369 1266 408; x_wconf 81' lang='lat' dir='ltr'><strong>apprehendit</strong></span> <span class='ocrx_word' id='word_1_157' title='bbox 1289 369 1401 402; x_wconf 81' lang='lat' dir='ltr'><strong>bravii.</strong></span> 
     </span>
    </p>
   </div>
   <div class='ocr_carea' id='block_1_29' title="bbox 936 453 1291 488">
    <p class='ocr_par' dir='ltr' id='par_1_31' title="bbox 936 453 1291 488">
     <span class='ocr_line' id='line_1_57' title="bbox 936 453 1291 488; baseline 0.006 -3"><span class='ocrx_word' id='word_1_158' title='bbox 936 454 981 486; x_wconf 88' lang='lat' dir='ltr'><strong>In</strong></span> <span class='ocrx_word' id='word_1_159' title='bbox 1008 456 1038 488; x_wconf 82' lang='lat'><strong>3.</strong></span> <span class='ocrx_word' id='word_1_160' title='bbox 1064 453 1291 487; x_wconf 74' lang='lat' dir='ltr'><strong>Nocturno.</strong></span> 
     </span>
    </p>
   </div>
   <div class='ocr_carea' id='block_1_30' title="bbox 1018 527 1215 562">
    <p class='ocr_par' dir='ltr' id='par_1_32' title="bbox 1018 527 1215 562">
     <span class='ocr_line' id='line_1_58' title="bbox 1018 527 1215 562; baseline 0 -8"><span class='ocrx_word' id='word_1_161' title='bbox 1018 527 1215 562; x_wconf 81' lang='lat' dir='ltr'><strong>Antiphonae.</strong></span> 
     </span>
    </p>
   </div>
   <div class='ocr_carea' id='block_1_31' title="bbox 841 585 1238 625">
    <p class='ocr_par' dir='ltr' id='par_1_33' title="bbox 841 585 1238 625">
     <span class='ocr_line' id='line_1_59' title="bbox 841 585 1238 625; baseline -0.005 -7"><span class='ocrx_word' id='word_1_162' title='bbox 841 610 848 618; x_wconf 87' lang='lat'><strong>.</strong></span> <span class='ocrx_word' id='word_1_163' title='bbox 874 586 964 619; x_wconf 85' lang='lat' dir='ltr'><strong>Eliso</strong></span> <span class='ocrx_word' id='word_1_164' title='bbox 991 585 1102 617; x_wconf 86' lang='lat' dir='ltr'><strong>mortis</strong></span> <span class='ocrx_word' id='word_1_165' title='bbox 1127 585 1238 625; x_wconf 76' lang='lat' dir='ltr'><strong>laqueo</strong></span> 
     </span>
    </p>
   </div>
   <div class='ocr_carea' id='block_1_32' title="bbox 872 631 1341 758">
    <p class='ocr_par' dir='ltr' id='par_1_34' title="bbox 872 631 1341 758">
     <span class='ocr_line' id='line_1_60' title="bbox 874 631 1287 671; baseline -0.002 -7"><span class='ocrx_word' id='word_1_166' title='bbox 874 631 966 664; x_wconf 83' lang='lat' dir='ltr'><strong>Licet</strong></span> <span class='ocrx_word' id='word_1_167' title='bbox 990 632 1095 664; x_wconf 80' lang='lat' dir='ltr'><strong>carnis</strong></span> <span class='ocrx_word' id='word_1_168' title='bbox 1120 631 1287 671; x_wconf 82' lang='lat' dir='ltr'><strong>dispendio</strong></span> 
     </span>
     <span class='ocr_line' id='line_1_61' title="bbox 875 678 1275 712; baseline -0.008 0"><span class='ocrx_word' id='word_1_169' title='bbox 875 679 1067 712; x_wconf 83' lang='lat' dir='ltr'><strong>Conscendit</strong></span> <span class='ocrx_word' id='word_1_170' title='bbox 1091 679 1132 710; x_wconf 84' lang='lat' dir='ltr'><strong>ad</strong></span> <span class='ocrx_word' id='word_1_171' title='bbox 1160 678 1275 710; x_wconf 82' lang='lat' dir='ltr'><strong>eximia</strong></span> 
     </span>
     <span class='ocr_line' id='line_1_62' title="bbox 872 725 1341 758; baseline -0.004 0"><span class='ocrx_word' id='word_1_172' title='bbox 872 727 993 758; x_wconf 81' lang='lat' dir='ltr'><strong>Montis</strong></span> <span class='ocrx_word' id='word_1_173' title='bbox 1018 726 1169 758; x_wconf 81' lang='lat' dir='ltr'><strong>virtutum</strong></span> <span class='ocrx_word' id='word_1_174' title='bbox 1195 725 1341 757; x_wconf 81' lang='lat' dir='ltr'><strong>culmina.</strong></span> 
     </span>
    </p>
   </div>
   <div class='ocr_carea' id='block_1_33' title="bbox 844 781 1231 814">
    <p class='ocr_par' dir='ltr' id='par_1_35' title="bbox 844 781 1231 814">
     <span class='ocr_line' id='line_1_63' title="bbox 844 781 1231 814; baseline -0.003 0"><span class='ocrx_word' id='word_1_175' title='bbox 844 807 852 814; x_wconf 87' lang='grc'><strong><em>,</em></strong></span> <span class='ocrx_word' id='word_1_176' title='bbox 877 783 916 814; x_wconf 89' lang='lat' dir='ltr'><strong>In</strong></span> <span class='ocrx_word' id='word_1_177' title='bbox 942 781 1003 814; x_wconf 90' lang='lat' dir='ltr'><strong>Dei</strong></span> <span class='ocrx_word' id='word_1_178' title='bbox 1027 781 1231 814; x_wconf 83' lang='lat' dir='ltr'><strong>tabernaculo</strong></span> 
     </span>
    </p>
   </div>
   <div class='ocr_carea' id='block_1_34' title="bbox 872 827 1333 961">
    <p class='ocr_par' dir='ltr' id='par_1_36' title="bbox 872 827 1333 961">
     <span class='ocr_line' id='line_1_64' title="bbox 872 827 1321 868; baseline -0.002 -9"><span class='ocrx_word' id='word_1_179' title='bbox 872 828 1012 866; x_wconf 78' lang='lat' dir='ltr'><strong>Quiesclt</strong></span> <span class='ocrx_word' id='word_1_180' title='bbox 1034 828 1073 868; x_wconf 84' lang='lat' dir='ltr'><strong>is,</strong></span> <span class='ocrx_word' id='word_1_181' title='bbox 1100 828 1153 868; x_wconf 89' lang='lat' dir='ltr'><strong>qui</strong></span> <span class='ocrx_word' id='word_1_182' title='bbox 1176 827 1321 867; x_wconf 85' lang='lat' dir='ltr'><strong>proximo</strong></span> 
     </span>
     <span class='ocr_line' id='line_1_65' title="bbox 872 874 1333 913; baseline -0.004 -7"><span class='ocrx_word' id='word_1_183' title='bbox 872 874 945 906; x_wconf 85' lang='lat' dir='ltr'><strong>Non</strong></span> <span class='ocrx_word' id='word_1_184' title='bbox 971 874 1048 905; x_wconf 82' lang='lat' dir='ltr'><strong>fecit</strong></span> <span class='ocrx_word' id='word_1_185' title='bbox 1071 875 1147 906; x_wconf 82' lang='lat' dir='ltr'><strong>mali</strong></span> <span class='ocrx_word' id='word_1_186' title='bbox 1170 875 1333 913; x_wconf 79' lang='lat' dir='ltr'><strong>quidpiam</strong></span> 
     </span>
     <span class='ocr_line' id='line_1_66' title="bbox 873 921 1228 961; baseline 0.003 -8"><span class='ocrx_word' id='word_1_187' title='bbox 873 921 1043 961; x_wconf 78' lang='lat' dir='ltr'><strong>operando</strong></span> <span class='ocrx_word' id='word_1_188' title='bbox 1057 921 1228 954; x_wconf 81' lang='lat' dir='ltr'><strong>iustitiam.</strong></span> 
     </span>
    </p>
   </div>
   <div class='ocr_carea' id='block_1_35' title="bbox 872 975 1413 1151">
    <p class='ocr_par' dir='ltr' id='par_1_37' title="bbox 872 975 1413 1151">
     <span class='ocr_line' id='line_1_67' title="bbox 872 975 1413 1017; baseline -0.006 -9"><span class='ocrx_word' id='word_1_189' title='bbox 872 976 975 1016; x_wconf 86' lang='lat' dir='ltr'><strong>Super</strong></span> <span class='ocrx_word' id='word_1_190' title='bbox 998 978 1083 1008; x_wconf 81' lang='lat' dir='ltr'><strong>hunc</strong></span> <span class='ocrx_word' id='word_1_191' title='bbox 1106 985 1232 1008; x_wconf 86' lang='lat' dir='ltr'><strong>servum</strong></span> <span class='ocrx_word' id='word_1_192' title='bbox 1255 975 1413 1017; x_wconf 82' lang='lat' dir='ltr'><strong>inclitum,</strong></span> 
     </span>
     <span class='ocr_line' id='line_1_68' title="bbox 875 1023 1328 1063; baseline -0.007 -7"><span class='ocrx_word' id='word_1_193' title='bbox 875 1025 959 1063; x_wconf 87' lang='lat' dir='ltr'><strong>Iesu,</strong></span> <span class='ocrx_word' id='word_1_194' title='bbox 987 1025 1134 1056; x_wconf 85' lang='lat' dir='ltr'><strong>decorem</strong></span> <span class='ocrx_word' id='word_1_195' title='bbox 1158 1023 1328 1062; x_wconf 86' lang='lat' dir='ltr'><strong>plurimum</strong></span> 
     </span>
     <span class='ocr_line' id='line_1_69' title="bbox 875 1070 1286 1110; baseline -0.005 -7"><span class='ocrx_word' id='word_1_196' title='bbox 875 1071 1022 1110; x_wconf 84' lang='lat' dir='ltr'><strong>Impones</strong></span> <span class='ocrx_word' id='word_1_197' title='bbox 1049 1074 1142 1110; x_wconf 85' lang='lat' dir='ltr'><strong>atque</strong></span> <span class='ocrx_word' id='word_1_198' title='bbox 1166 1070 1286 1110; x_wconf 80' lang='lat' dir='ltr'><strong>gloriae</strong></span> 
     </span>
     <span class='ocr_line' id='line_1_70' title="bbox 878 1116 1260 1151; baseline 0 -1"><span class='ocrx_word' id='word_1_199' title='bbox 878 1118 1032 1151; x_wconf 84' lang='lat' dir='ltr'><strong>Coronam</strong></span> <span class='ocrx_word' id='word_1_200' title='bbox 1056 1116 1260 1151; x_wconf 82' lang='lat' dir='ltr'><strong>multifariae.</strong></span> 
     </span>
    </p>
   </div>
   <div class='ocr_carea' id='block_1_36' title="bbox 1018 1191 1224 1226">
    <p class='ocr_par' dir='ltr' id='par_1_38' title="bbox 1018 1191 1224 1226">
     <span class='ocr_line' id='line_1_71' title="bbox 1018 1191 1224 1226; baseline -0.01 -7"><span class='ocrx_word' id='word_1_201' title='bbox 1018 1191 1155 1226; x_wconf 79' lang='lat' dir='ltr'><strong>Respons</strong></span> <span class='ocrx_word' id='word_1_202' title='bbox 1162 1192 1224 1218; x_wconf 83' lang='lat' dir='ltr'><strong>&gt;ria.</strong></span> 
     </span>
    </p>
   </div>
   <div class='ocr_carea' id='block_1_37' title="bbox 842 1249 1355 1289">
    <p class='ocr_par' dir='ltr' id='par_1_39' title="bbox 842 1249 1355 1289">
     <span class='ocr_line' id='line_1_72' title="bbox 842 1249 1355 1289; baseline -0.006 -7"><span class='ocrx_word' id='word_1_203' title='bbox 842 1274 849 1282; x_wconf 91' lang='lat'><strong>.</strong></span> <span class='ocrx_word' id='word_1_204' title='bbox 877 1250 998 1289; x_wconf 84' lang='lat' dir='ltr'><strong>Corpus</strong></span> <span class='ocrx_word' id='word_1_205' title='bbox 1024 1252 1182 1281; x_wconf 84' lang='lat' dir='ltr'><strong>sacratum</strong></span> <span class='ocrx_word' id='word_1_206' title='bbox 1206 1249 1355 1287; x_wconf 80' lang='lat' dir='ltr'><strong>martyris</strong></span> 
     </span>
    </p>
   </div>
   <div class='ocr_carea' id='block_1_38' title="bbox 872 1294 1397 1760">
    <p class='ocr_par' dir='ltr' id='par_1_40' title="bbox 872 1294 1257 1382">
     <span class='ocr_line' id='line_1_73' title="bbox 872 1294 1257 1337; baseline -0.005 -8"><span class='ocrx_word' id='word_1_207' title='bbox 872 1296 1059 1337; x_wconf 83' lang='lat' dir='ltr'><strong>Expolitum</strong></span> <span class='ocrx_word' id='word_1_208' title='bbox 1085 1294 1257 1336; x_wconf 80' lang='lat' dir='ltr'><strong>magnificis</strong></span> 
     </span>
     <span class='ocr_line' id='line_1_74' title="bbox 874 1343 1237 1382; baseline -0.006 -7"><span class='ocrx_word' id='word_1_209' title='bbox 874 1344 1035 1376; x_wconf 79' lang='lat' dir='ltr'><strong>Virtutum</strong></span> <span class='ocrx_word' id='word_1_210' title='bbox 1062 1343 1237 1382; x_wconf 86' lang='lat' dir='ltr'><strong>privilegiis</strong></span> 
     </span>
    </p>

    <p class='ocr_par' dir='ltr' id='par_1_41' title="bbox 875 1389 1337 1517">
     <span class='ocr_line' id='line_1_75' title="bbox 875 1389 1270 1430; baseline -0.008 -7"><span class='ocrx_word' id='word_1_211' title='bbox 875 1390 940 1423; x_wconf 85' lang='lat' dir='ltr'><strong>Sub</strong></span> <span class='ocrx_word' id='word_1_212' title='bbox 966 1392 1153 1430; x_wconf 85' lang='lat' dir='ltr'><strong>patronatus</strong></span> <span class='ocrx_word' id='word_1_213' title='bbox 1178 1389 1270 1421; x_wconf 85' lang='lat' dir='ltr'><strong>titulo</strong></span> 
     </span>
     <span class='ocr_line' id='line_1_76' title="bbox 875 1435 1337 1470; baseline -0.006 0"><span class='ocrx_word' id='word_1_214' title='bbox 875 1437 1030 1470; x_wconf 79' lang='lat' dir='ltr'><strong>Novellae</strong></span> <span class='ocrx_word' id='word_1_215' title='bbox 1056 1436 1175 1469; x_wconf 87' lang='lat' dir='ltr'><strong>Christi</strong></span> <span class='ocrx_word' id='word_1_216' title='bbox 1196 1435 1337 1468; x_wconf 84' lang='lat' dir='ltr'><strong>familiae</strong></span> 
     </span>
     <span class='ocr_line' id='line_1_77' title="bbox 876 1484 1098 1517; baseline -0.009 0"><span class='ocrx_word' id='word_1_217' title='bbox 876 1484 1098 1517; x_wconf 82' lang='lat' dir='ltr'><strong>Trotamannis</strong></span> 
     </span>
    </p>

    <p class='ocr_par' dir='ltr' id='par_1_42' title="bbox 872 1530 1397 1713">
     <span class='ocr_line' id='line_1_78' title="bbox 874 1530 1191 1564; baseline -0.006 0"><span class='ocrx_word' id='word_1_218' title='bbox 874 1531 927 1564; x_wconf 88' lang='lat' dir='ltr'><strong>Ab</strong></span> <span class='ocrx_word' id='word_1_219' title='bbox 954 1532 1034 1563; x_wconf 86' lang='lat' dir='ltr'><strong>urbe</strong></span> <span class='ocrx_word' id='word_1_220' title='bbox 1061 1530 1191 1563; x_wconf 83' lang='lat' dir='ltr'><strong>Colonia</strong></span> 
     </span>
     <span class='ocr_line' id='line_1_79' title="bbox 872 1578 1246 1612; baseline -0.011 0"><span class='ocrx_word' id='word_1_221' title='bbox 872 1578 1063 1612; x_wconf 79' lang='lat' dir='ltr'><strong>Destinatur</strong></span> <span class='ocrx_word' id='word_1_222' title='bbox 1087 1580 1246 1611; x_wconf 79' lang='lat' dir='ltr'><strong>annuente</strong></span> 
     </span>
     <span class='ocr_line' id='line_1_80' title="bbox 875 1625 1397 1665; baseline -0.006 -7"><span class='ocrx_word' id='word_1_223' title='bbox 875 1626 1038 1665; x_wconf 74' lang='lat' dir='ltr'><strong>Praesule,</strong></span> <span class='ocrx_word' id='word_1_224' title='bbox 1064 1625 1160 1665; x_wconf 90' lang='lat' dir='ltr'><strong>plebe</strong></span> <span class='ocrx_word' id='word_1_225' title='bbox 1184 1626 1397 1665; x_wconf 87' lang='lat' dir='ltr'><strong>prosequente</strong></span> 
     </span>
     <span class='ocr_line' id='line_1_81' title="bbox 876 1673 1229 1713; baseline -0.003 -8"><span class='ocrx_word' id='word_1_226' title='bbox 876 1673 1060 1706; x_wconf 84' lang='lat' dir='ltr'><strong>Venerandi</strong></span> <span class='ocrx_word' id='word_1_227' title='bbox 1086 1673 1229 1713; x_wconf 83' lang='lat' dir='ltr'><strong>corporis</strong></span> 
     </span>
    </p>

    <p class='ocr_par' dir='ltr' id='par_1_43' title="bbox 878 1721 1216 1760">
     <span class='ocr_line' id='line_1_82' title="bbox 878 1721 1216 1760; baseline 0 -7"><span class='ocrx_word' id='word_1_228' title='bbox 878 1721 996 1753; x_wconf 84' lang='lat' dir='ltr'><strong>Munus</strong></span> <span class='ocrx_word' id='word_1_229' title='bbox 1022 1723 1216 1760; x_wconf 74' lang='lat' dir='ltr'><strong>exoptatum.</strong></span> 
     </span>
    </p>
   </div>
   <div class='ocr_carea' id='block_1_39' title="bbox 877 1776 1297 2337">
    <p class='ocr_par' dir='ltr' id='par_1_44' title="bbox 879 1776 1107 1810">
     <span class='ocr_line' id='line_1_83' title="bbox 879 1776 1107 1810; baseline -0.009 0"><span class='ocrx_word' id='word_1_230' title='bbox 879 1778 904 1810; x_wconf 91' lang='lat' dir='ltr'>O</span> <span class='ocrx_word' id='word_1_231' title='bbox 927 1778 1001 1810; x_wconf 90' lang='lat' dir='ltr'><strong>Iesu</strong></span> <span class='ocrx_word' id='word_1_232' title='bbox 1023 1776 1107 1809; x_wconf 88' lang='lat' dir='ltr'><strong>bone</strong></span> 
     </span>
    </p>

    <p class='ocr_par' dir='ltr' id='par_1_45' title="bbox 878 1824 1297 1905">
     <span class='ocr_line' id='line_1_84' title="bbox 926 1824 1297 1865; baseline -0.003 -9"><span class='ocrx_word' id='word_1_233' title='bbox 926 1833 984 1865; x_wconf 84' lang='lat' dir='ltr'><strong>per</strong></span> <span class='ocrx_word' id='word_1_234' title='bbox 1008 1824 1158 1857; x_wconf 82' lang='lat' dir='ltr'><strong>Reinoldi</strong></span> <span class='ocrx_word' id='word_1_235' title='bbox 1182 1825 1297 1856; x_wconf 74' lang='lat' dir='ltr'><strong>merita</strong></span> 
     </span>
     <span class='ocr_line' id='line_1_85' title="bbox 878 1871 1114 1905; baseline -0.004 0"><span class='ocrx_word' id='word_1_236' title='bbox 878 1872 999 1905; x_wconf 84' lang='lat' dir='ltr'><strong>Nostra</strong></span> <span class='ocrx_word' id='word_1_237' title='bbox 1021 1871 1114 1904; x_wconf 88' lang='lat' dir='ltr'><strong>nobis</strong></span> 
     </span>
    </p>

    <p class='ocr_par' dir='ltr' id='par_1_46' title="bbox 880 1919 1194 2008">
     <span class='ocr_line' id='line_1_86' title="bbox 928 1919 1194 1961; baseline -0.004 -10"><span class='ocrx_word' id='word_1_238' title='bbox 928 1919 1052 1952; x_wconf 83' lang='lat' dir='ltr'><strong>dimitte</strong></span> <span class='ocrx_word' id='word_1_239' title='bbox 1078 1919 1194 1961; x_wconf 86' lang='lat' dir='ltr'><strong>debita,</strong></span> 
     </span>
     <span class='ocr_line' id='line_1_87' title="bbox 880 1967 1187 2008; baseline -0.007 -9"><span class='ocrx_word' id='word_1_240' title='bbox 880 1967 1025 2008; x_wconf 86' lang='lat' dir='ltr'><strong>Domum,</strong></span> <span class='ocrx_word' id='word_1_241' title='bbox 1052 1969 1187 2006; x_wconf 81' lang='lat' dir='ltr'><strong>portam,</strong></span> 
     </span>
    </p>

    <p class='ocr_par' dir='ltr' id='par_1_47' title="bbox 879 2013 1222 2094">
     <span class='ocr_line' id='line_1_88' title="bbox 926 2013 1222 2054; baseline -0.007 -8"><span class='ocrx_word' id='word_1_242' title='bbox 926 2014 1107 2054; x_wconf 82' lang='lat' dir='ltr'><strong>sepulcrum</strong></span> <span class='ocrx_word' id='word_1_243' title='bbox 1128 2013 1222 2045; x_wconf 83' lang='lat' dir='ltr'><strong>visita</strong></span> 
     </span>
     <span class='ocr_line' id='line_1_89' title="bbox 879 2062 1079 2094; baseline -0.01 0"><span class='ocrx_word' id='word_1_244' title='bbox 879 2062 924 2094; x_wconf 84' lang='lat' dir='ltr'><strong>Et.</strong></span> <span class='ocrx_word' id='word_1_245' title='bbox 948 2070 968 2092; x_wconf 87' lang='lat' dir='ltr'><strong>a</strong></span> <span class='ocrx_word' id='word_1_246' title='bbox 992 2062 1079 2092; x_wconf 83' lang='lat' dir='ltr'><strong>trina</strong></span> 
     </span>
    </p>

    <p class='ocr_par' dir='ltr' id='par_1_48' title="bbox 877 2107 1268 2195">
     <span class='ocr_line' id='line_1_90' title="bbox 927 2107 1268 2145; baseline -0.006 -5"><span class='ocrx_word' id='word_1_247' title='bbox 927 2116 984 2140; x_wconf 90' lang='lat' dir='ltr'><strong>nos</strong></span> <span class='ocrx_word' id='word_1_248' title='bbox 1009 2111 1111 2139; x_wconf 87' lang='lat' dir='ltr'><strong>morte</strong></span> <span class='ocrx_word' id='word_1_249' title='bbox 1136 2107 1268 2145; x_wconf 86' lang='lat' dir='ltr'><strong>suscita;</strong></span> 
     </span>
     <span class='ocr_line' id='line_1_91' title="bbox 877 2156 1069 2195; baseline -0.01 -7"><span class='ocrx_word' id='word_1_250' title='bbox 877 2157 972 2195; x_wconf 78' lang='lat' dir='ltr'><strong>Actu,</strong></span> <span class='ocrx_word' id='word_1_251' title='bbox 998 2156 1069 2187; x_wconf 87' lang='lat' dir='ltr'><strong>visu</strong></span> 
     </span>
    </p>

    <p class='ocr_par' dir='ltr' id='par_1_49' title="bbox 881 2202 1269 2283">
     <span class='ocr_line' id='line_1_92' title="bbox 928 2202 1269 2242; baseline 0 -8"><span class='ocrx_word' id='word_1_252' title='bbox 928 2203 980 2235; x_wconf 89' lang='lat' dir='ltr'><strong>vel</strong></span> <span class='ocrx_word' id='word_1_253' title='bbox 1008 2206 1115 2234; x_wconf 88' lang='lat' dir='ltr'><strong>mente</strong></span> <span class='ocrx_word' id='word_1_254' title='bbox 1139 2202 1269 2242; x_wconf 84' lang='lat' dir='ltr'><strong>perdita</strong></span> 
     </span>
     <span class='ocr_line' id='line_1_93' title="bbox 881 2250 1007 2283; baseline -0.016 0"><span class='ocrx_word' id='word_1_255' title='bbox 881 2250 1007 2283; x_wconf 85' lang='lat' dir='ltr'><strong>Pietate</strong></span> 
     </span>
    </p>

    <p class='ocr_par' dir='ltr' id='par_1_50' title="bbox 929 2297 1204 2337">
     <span class='ocr_line' id='line_1_94' title="bbox 929 2297 1204 2337; baseline 0.004 -8"><span class='ocrx_word' id='word_1_256' title='bbox 929 2300 1075 2330; x_wconf 85' lang='lat' dir='ltr'><strong>restaura</strong></span> <span class='ocrx_word' id='word_1_257' title='bbox 1099 2297 1204 2337; x_wconf 84' lang='lat' dir='ltr'><strong>solita,</strong></span> 
     </span>
    </p>
   </div>
  </div>
 </body>
</html>
