1655 2534
658 96 893 132 ,43-

154 215 162 224 .
191 190 317 224 Memor
341 195 419 232 esto,

241 239 329 270 cuius
353 239 397 271 sis
421 239 572 279 pauperis

195 285 332 325 HospeS,
359 289 392 318 et
413 288 491 317 tunc

239 332 454 365 alleviaberis.

162 413 169 420 .
195 388 268 420 Non
290 396 342 419 me
364 387 456 420 labor
481 389 652 429 exulcerat,

243 435 308 467 Sed
331 443 410 475 prae
434 444 541 468 amore
563 436 709 476 langueo,

194 481 295 514 Amor
320 482 439 515 Christi
463 490 514 514 me
538 486 677 522 superat,

241 530 333 569 Amo,
359 532 466 561 tacere
489 538 626 570 neque03

155 599 163 608 .
194 575 318 614 Quanta
340 576 418 608 mihi

242 621 364 663 fecerit,
390 623 495 664 video,

195 670 335 710 Ideoque

243 717 342 748 miror
366 720 398 748 et
421 720 542 757 stupeo.

163 798 170 805 .
196 771 257 804 Dei
283 772 413 804 verbum
438 775 503 804 tam
529 773 649 813 dispari

243 819 386 851 Naturae
408 819 496 859 iungi
520 820 629 859 voluit,

199 865 250 899 Ab
275 867 347 906 ipsa
370 865 464 898 fauce
487 867 601 898 tartari

243 912 389 945 Sororem
414 921 515 944 meam
541 914 623 945 eruit

195 959 383 999 Fran-isque
405 961 469 991 mei
492 961 609 992 Lazari

246 1007 369 1045 Corpus
393 1006 479 1039 vitae
502 1006 652 1047 restituit,

156 1079 165 1088 .
194 1053 362 1093 Hospitari

241 1109 364 1132 mecum
386 1109 450 1132 non
476 1101 589 1140 renuit,

195 1147 347 1179 Veritatis

243 1194 327 1226 viam
351 1203 402 1227 me
427 1193 542 1227 docuit.

253 1279 301 1311 In
328 1280 360 1311 3.
386 1278 619 1313 Nocturno,

339 1343 536 1379 Antiphonae.

162 1428 169 1436 ,
195 1400 289 1433 Felix
314 1408 383 1431 esse
406 1400 480 1432 aula

241 1456 318 1480 vere
343 1447 550 1487 dignoscitur,

194 1494 260 1528 Ubi
285 1495 326 1526 de
348 1494 454 1526 Maria

241 1541 372 1574 Martha
397 1541 608 1581 conqueritur.

159 1623 168 1631 .
192 1597 307 1631 Multis
331 1598 439 1637 placet
461 1596 554 1637 actio,

239 1645 332 1677 Licet
356 1653 498 1688 onerosa,

197 1693 312 1726 Paucis
338 1690 574 1731 contemplatio,

242 1739 390 1778 Quamvis
415 1739 578 1778 gaudiosa.

159 1822 168 1830 .
193 1795 360 1828 Ministrat
384 1795 521 1827 exterius

238 1842 369 1874 Martha
391 1850 451 1883 per
475 1840 622 1882 activam,

195 1890 346 1923 Pascitur
369 1889 502 1922 interius

241 1938 305 1970 Per
330 1935 616 1976 contemplativam.

330 2012 538 2047 Responsoria.

160 2096 169 2105 .
192 2070 360 2105 Pharisaei

244 2118 376 2150 turbant
400 2117 578 2157 ecclesiam,

195 2167 274 2200 Cum
299 2165 444 2206 pluribus

243 2213 393 2246 deserens
416 2212 555 2253 patriam

192 2260 325 2294 Martha
348 2260 410 2292 Dei

240 2317 300 2348 per
324 2307 558 2348 providentiam

240 2356 335 2389 Venit
355 2355 553 2394 Mar-ailiam,

803 193 841 225 V.

805 1351 843 1384 V.

871 192 1076 224 Maximinum

920 240 1032 271 ducem
1052 239 1177 271 itineris

872 286 971 318 Dedit
993 285 1079 318 Deus

917 332 1065 364 Marthae
1089 336 1122 365 et
1146 333 1270 367 ceteriS.

839 422 848 431 .
873 398 1047 430 Maximino

919 454 1035 483 parens
1057 445 1215 477 accelerat

878 492 1100 534 Tamsconam,

920 547 994 569 nam
1017 538 1108 577 plebs
1132 541 1310 578 rogaverat,

874 586 1053 617 Monstrum
1077 586 1164 626 ligat,

921 631 1057 671 patriam
1081 632 1207 673 liberat,

875 679 948 711 Iesu
975 679 1102 712 Christo

918 727 1033 758 multos
1058 724 1271 767 confoederat,

876 773 1009 805 Carnem
1033 773 1143 804 stricte

923 819 1059 852 vivendo
1083 822 1231 860 macerat,

877 866 1049 905 Spiritibus

920 912 1090 944 immundis
1113 913 1258 953 imperat.

843 1001 849 1007 .
877 977 990 1009 Omnes
1015 980 1133 1018 gentes,

921 1024 1066 1056 manibus
1090 1024 1244 1064 plaudite,

873 1071 919 1102 Et
942 1080 1009 1112 vos,
1035 1069 1161 1109 fratres,

924 1118 1011 1149 clare
1035 1117 1199 1158 concinite,

875 1164 980 1196 Hodie
1003 1173 1061 1196 rex

923 1211 1038 1251 hospes
1063 1211 1096 1242 in
1120 1211 1224 1250 capite

875 1258 1032 1290 Diadema

922 1306 1029 1345 posuit
1053 1304 1213 1346 hospitae;

873 1351 1003 1384 Plebem
1028 1354 1114 1383 tuam

921 1401 1062 1439 protege,
1088 1398 1232 1439 Domine,

877 1445 1042 1477 Gloriosae

923 1491 1075 1525 Marthae
1099 1491 1290 1532 precamine.

961 1624 1007 1655 In
1030 1622 1263 1656 Laudibus

1019 1716 1216 1752 Antiphonae.

842 1820 850 1828 .
874 1795 962 1826 Ante
986 1793 1111 1826 felicem
1139 1794 1284 1826 dominae

922 1840 1104 1874 Transitum
1129 1844 1221 1873 nocte
1245 1842 1350 1874 media

876 1889 1013 1921 Domum
1036 1888 1177 1928 privavit
1200 1889 1319 1921 lumine

922 1935 1056 1969 Satanas
1082 1944 1121 1968 ex
1145 1936 1277 1968 invidia.

844 2027 852 2035 .
877 2002 1055 2035 Daemones
1081 2003 1271 2034 exterminat

926 2049 1023 2083 Soror
1045 2049 1248 2091 Magdalena‚

879 2097 993 2130 Cereos
1018 2096 1185 2139 illuminat,

925 2144 981 2177 Fit
1007 2145 1117 2176 domus
1141 2151 1263 2177 serena.

844 2236 851 2243 .
879 2210 974 2244 Certa
998 2209 1036 2241 fit
1061 2210 1101 2241 de
1126 2209 1262 2241 transitu

925 2256 987 2289 Suo
1011 2257 1104 2297 longe
1128 2259 1211 2295 ante,

877 2304 1070 2345 Prophetiae
1093 2304 1209 2345 spiritu

924 2351 992 2387 Sibi
1016 2352 1191 2388 revelante.
