1655 2534
665 50 921 86 -165-

273 145 319 177 In
345 147 376 177 2.
397 145 506 186 Vesp
517 146 612 178 eris.

321 246 368 274 Ad
386 246 566 283 Mag-nificat.

131 333 173 367 A.
204 332 296 364 Haec
320 334 370 364 est
395 332 463 365 dies
487 335 684 373 praeoptata,

204 379 281 411 Dies
307 377 396 420 seint,
424 379 491 411 (lies
515 382 617 420 grata,

885 145 953 185 Qua
964 144 1165 186 Regenfledis
1179 146 1300 177 eaelum
1313 145 1439 177 scandit

885 193 991 231 Atque
1015 192 1105 223 nobis
1130 192 1213 224 viam
1237 193 1368 233 pandit3

885 239 952 272 Nos
978 239 1059 270 hanc
1085 238 1168 271 diem
1193 247 1389 276 veneremur,

884 286 1146 325 Triumphantem
1171 287 1363 318 admiremur

887 333 1044 366 Christum
1069 333 1103 364 in
1127 334 1187 364 hac
1214 333 1342 372 virgine,

885 380 970 420 Quae
994 378 1087 412 fortis
1109 379 1143 411 in
1169 379 1349 412 certamine.

210 443 418 480 Apographum
438 444 592 472 Ecclesiae
617 446 650 471 in
668 444 822 481 Hoenepel
848 452 923 471 saec.
944 442 1018 471 ¹⁸l19.
1040 458 1078 463 ——
1097 444 1138 470 In
1159 442 1184 470 1.
1204 443 1305 471 Noct.
1327 442 1348 468 Α
1373 442 1397 476 1,
1419 442 1439 470 4

135 480 206 508 Lies
226 482 322 518 Atque
348 481 504 509 laudetur?
524 496 561 501 -—
582 479 604 508 Α
625 480 659 514 2,
679 479 697 509 3
717 482 787 510 Lies
807 481 863 509 Est
887 481 974 509 huius
998 481 1068 509 lux?
1088 496 1126 501 —
1147 479 1166 507 R
1190 480 1221 514 1,
1241 479 1260 508 8
1278 480 1438 516 Exemplar

136 521 268 546 nostrum
290 521 326 546 et.
345 535 384 539 ——
406 517 426 545 R
448 517 475 546 2.
497 518 514 547 5
533 520 603 547 Lies
620 520 707 547 Vana
727 520 838 547 saeculi
859 519 930 547 oder
948 520 1040 547 Inane
1061 520 1171 547 saecli?
1189 534 1226 539 —-
1247 517 1268 544 R
1289 517 1315 552 2,
1337 517 1354 544 'a'
1367 519 1436 546 Lies

132 556 253 592 puella?
277 571 309 576 —
333 555 353 582 R
374 555 401 589 3,
420 556 440 585 4
461 557 604 585 Instabat,
626 572 664 577 —-
685 558 724 584 In
739 556 852 585 Laud.
868 555 900 583 Α.
921 555 938 584 5
955 558 1024 585 Lies
1040 557 1105 584 Tua
1125 559 1250 593 patrona
1266 555 1379 592 gloria?
1400 570 1438 575 -—

134 594 192 621 Die
212 594 409 631 zugehorigen
429 595 565 630 Hymnen
585 596 634 623 cfr.
654 596 740 622 Anal.
759 594 871 628 XXIII,
891 592 1050 622 463—465.

540 704 586 735 59.
618 704 660 734 De
680 704 790 735 sancta
809 703 1026 743 Regiswindis.

274 773 319 804 In
347 772 377 804 1.
404 772 619 812 vesperis.

341 864 540 901 Antiphonae.

145 941 176 973 1.
204 940 338 972 Virtutis
362 939 472 972 florem

249 989 337 1028 large
362 987 541 1028 spargentis
567 987 706 1027 odorem,
745 976 748 979 ¹

200 1034 305 1074 Digne
329 1034 563 1074 Regiswindem

246 1082 356 1113 laudet
382 1082 515 1113 ecclesia
540 1080 678 1121 quidem,

140 1149 175 1181 2.
202 1146 327 1179 Nobilis
353 1155 392 1179 ex
417 1149 508 1186 patre

251 1196 330 1237 orta,
358 1193 561 1225 devotissima
583 1195 695 1232 matre,

203 1240 349 1272 Nobilior
371 1241 478 1280 proles

249 1295 322 1318 suos
346 1289 477 1326 superat
502 1287 669 1327 genitores.

167 1379 175 1387 .
198 1353 295 1392 Virgo
320 1353 439 1384 tenella

250 1401 358 1432 lucens
383 1401 420 1432 ut
446 1400 564 1432 caelica
588 1399 682 1432 stella

200 1446 302 1479 Deum
328 1446 430 1479 sitivit

246 1497 278 1525 et
301 1495 405 1534 ipsum
431 1494 565 1534 diligere
589 1493 700 1533 quivit.

168 1584 174 1592 .
202 1560 294 1593 Hanc
319 1560 453 1593 Domino
478 1564 600 1600 gratam

249 1611 374 1640 constat
397 1607 542 1639 iuvenem
565 1608 753 1647 copulatam,

204 1654 291 1693 Quae
313 1655 382 1687 sine
405 1663 552 1687 mensura

248 1701 327 1734 facit
350 1702 503 1733 miracula
524 1711 615 1742 pura.

166 1794 173 1802 .
200 1768 247 1801 Ut
269 1777 345 1801 rosa
367 1768 493 1800 succisa

247 1819 332 1847 serto
357 1815 434 1847 liliis
460 1816 641 1857 adaptatur,

199 1862 252 1895 Sic
276 1867 398 1904 martyr
423 1864 528 1895 occisa

244 1911 419 1951 virginibus
444 1911 626 1943 associatur.

157 2004 163 2011 .
193 1977 321 2019 Martyr
345 1978 432 2012 velut
455 1986 538 2017 rosa,

241 2025 463 2066 Regiswindis‚
490 2027 524 2056 tu
548 2025 701 2068 speciosa,

194 2072 244 2104 De
268 2074 352 2105 valle
375 2073 462 2105 tristi

242 2120 348 2152 infans
373 2120 497 2152 succisa
519 2118 620 2158 fuisti,

195 2167 288 2200 Nunc
313 2168 439 2200 Christo
466 2167 644 2208 congaudes

241 2219 371 2249 cantans
395 2224 455 2256 per
479 2216 607 2249 saecula
626 2214 749 2255 laudes,

154 2290 161 2298 .
195 2263 327 2297 Crescat
350 2266 386 2294 ut
409 2263 537 2297 virtutis

240 2311 342 2350 nobis,
352 2309 414 2350 fac,
423 2311 518 2342 decor
525 2312 620 2350 atque
625 2309 748 2344 salutis.

1005 771 1050 798 Ad
1069 772 1248 808 Magnifica-t.

812 828 853 859 A.
884 828 1048 867 Conspicit
1070 830 1103 859 in
1130 829 1225 860 caelis

929 875 1020 913 plebs
1033 875 1183 916 prudens,
1200 877 1305 907 mente
1322 873 1436 914 fidelis,

881 921 963 953 Esse
986 921 1217 960 Regiswindem

931 970 1086 1008 comptam
1111 968 1239 1000 aureola
1263 968 1389 1007 quidem

884 1015 1049 1054 Virginum
1073 1015 1104 1046 in
1131 1015 1253 1046 thronis

930 1064 1104 1100 martyrum
1114 1062 1294 1101 sociamque
1301 1063 1436 1103 coronis,

883 1109 969 1148 Quae
994 1114 1026 1140 et
1049 1117 1201 1149 perversa

930 1155 996 1187 obit
1017 1157 1124 1188 insons
1149 1164 1187 1187 ac
1211 1155 1375 1189 viceversa

883 1202 998 1242 Aegris
1024 1202 1173 1234 virtutem

932 1250 1073 1289 corporis
1101 1250 1259 1288 donatque
1282 1249 1436 1288 salutem3

883 1295 973 1328 Haec
1000 1296 1062 1327 sibi
1086 1305 1142 1328 nos
1165 1296 1254 1336 iungi

931 1342 1030 1375 faciat
1054 1344 1133 1375 caeli
1157 1343 1272 1383 gaudio
1297 1340 1395 1382 fungi.

974 1437 991 1470 Ι
999 1447 1020 1468 n
1045 1437 1073 1469 L
1082 1446 1100 1467 a
1110 1447 1130 1468 u
1141 1436 1161 1468 d
1170 1437 1181 1467 i
1190 1436 1209 1467 b
1220 1446 1240 1467 u
1250 1445 1275 1468 s.

1027 1510 1221 1546 Antiphonae.

850 1593 857 1600 .
882 1568 1009 1607 Martyr
1031 1568 1074 1600 Re
1080 1569 1126 1607 gis
1131 1568 1251 1609 windis,

932 1624 1006 1648 cara
1030 1615 1158 1648 Domini
1182 1615 1364 1655 Sunamitis,

883 1663 984 1695 Sortis
1008 1663 1141 1695 sidereis

929 1711 1047 1751 gaudet
1069 1710 1190 1742 sociata
1216 1709 1348 1742 choreis.

848 1793 857 1800 .
881 1767 972 1799 Haec
996 1769 1044 1799 est
1069 1767 1170 1799 electa

929 1815 1018 1855 virgo
1044 1823 1140 1853 super
1164 1814 1295 1846 aethera
1318 1817 1424 1853 vecta,

884 1862 922 1894 In
947 1862 1036 1902 aquis
1062 1870 1141 1901 quae
1165 1860 1229 1893 fixa

929 1909 1088 1949 reperitur
1111 1911 1147 1940 ut
1172 1907 1331 1941 crucifixa.

848 1991 853 1998 .
881 1966 1022 1999 Aureola
1046 1965 1122 1997 bina

926 2015 1011 2045 lucet
1034 2015 1069 2044 ut
1093 2011 1188 2043 stella
1212 2010 1378 2052 matutina,

880 2062 965 2100 Quae
989 2060 1091 2091 Deum
1115 2057 1225 2100 sitivit,

929 2116 999 2139 oum
1018 2115 1075 2138 rex
1092 2105 1226 2138 formam
1241 2105 1433 2145 concupivit.

849 2189 857 2198 .
885 2163 963 2196 Cum
989 2163 1092 2195 clarus
1118 2162 1222 2194 oravit

926 2211 1065 2252 praesul,
1090 2209 1244 2249 templum
1263 2209 1439 2250 dedicavit,

879 2259 976 2299 Virgo
1006 2257 1215 2298 collaudatur,

928 2308 1038 2338 cantus
1064 2305 1200 2339 caelicus
1224 2305 1390 2337 iubilatur.
